3022 4934
234 1364 957 1529 observantiae
993 1469 1190 1549 erga
1255 1429 1382 1525 Te
1450 1466 1681 1524 meae
1751 1424 2133 1553 gratique
2205 1443 2293 1545 in
2355 1435 2481 1523 Te

231 1560 397 1654 mei
472 1569 727 1690 animi
749 1629 778 1677 9
882 1567 1036 1653 vir
1083 1554 1408 1664 summe
1487 1568 1957 1654 venerande
1979 1632 2007 1677 ,
2105 1584 2199 1654 ut
2275 1572 2483 1654 mihi

229 1702 525 1782 liceret
590 1697 896 1819 Ρ313ιιι
931 1699 1290 1817 aliquod
1343 1700 1542 1798 dare
1611 1689 2177 1806 testimonium
2199 1759 2227 1802 9
2297 1700 2480 1809 jam

229 1828 558 1937 pridem
625 1822 819 1906 vota
861 1824 1105 1904 ἰεοίς
1231 1827 1391 1904 Ad
1469 1823 1706 1934 quae
1704 1798 2152 1915 solvenii5
2227 1856 2482 1935 quum

230 1985 389 2075 me
412 1965 606 2035 ante
654 1954 978 2063 aliquot
1022 1980 1354 2036 menses
1384 1954 1990 2074 adduxissem,
2054 1984 2221 2064 quo
2272 1965 2479 2035 tem-

229 2115 439 2193 pore
498 2083 699 2165 Tibi
766 2082 992 2162 diem
1051 2082 1409 2164 natalem
1469 2077 2076 2193 octogesimum
2140 2086 2481 2193 tertium

232 2214 656 2294 celebrare
710 2213 1097 2321 contigit,
1169 2215 1712 2323 prohibebar,
1782 2215 2229 2326 quominus
2279 2229 2479 2293 con-

231 2341 512 2436 silium
550 2370 828 2421 meum
865 2354 1399 2453 exsequerer.
1473 2407 1476 2410 »
1508 2345 1763 2450 Quod
1802 2347 2114 2426 invitus
2155 2344 2476 2447 distuli,

231 2500 403 2570 non
461 2470 769 2580 abjeci.
890 2472 1139 2553 Nunc
1197 2475 1474 2555 illuxit
1522 2477 1789 2555 laetus
1839 2476 1981 2554 ille
2028 2474 2244 2575 dies,
2299 2484 2477 2580 'quo

230 2612 421 2680 ante
481 2602 635 2680 bos
695 2600 1295 2712 quinquaginta
1346 2633 1629 2694 ⁵annos
1689 2605 1992 2684 summi
2059 2604 2149 2682 in
2208 2601 2479 2711 philo·

230 2732 529 2841 sophia
590 2731 960 2810 honores
1017 2732 1105 2811 in
1167 2732 1340 2838 Te,
1420 2732 1604 2842 jam
1663 2732 1807 2813 diu
1872 2760 2215 2813 munere
2282 2758 2478 2839 pro-

231 2860 593 2939 fessorio
657 2859 1080 2963 functum,
1156 2870 1550 2972 tanquam
1605 2859 1880 2969 majus
1938 2856 2283 2968 aliquod
2341 2886 2477 2935 or-

229 2983 739 3085 namentum,
803 2992 1087 3070 collati
1132 3002 1357 3070 sunt.
1475 2990 1616 3069 En
1658 2987 1985 3093 adsum,
2048 2989 2178 3070 vir
2222 2989 2480 3069 caris-

229 3120 483 3223 sime3
547 3118 837 3228 accipe
888 3116 1291 3198 benevole
1313 3094 1499 3198 ‘hoc
1542 3117 2158 3222 munusculum,
2220 3117 2478 3226 pusil-

230 3249 403 3345 lum
453 3246 666 3328 illud
723 3245 1060 3354 quidem
1120 3258 1203 3326 et
1258 3247 1400 3328 vix
1449 3249 1639 3327 Tuo
1699 3249 2039 3327 nomine
2096 3247 2476 3355 dignum,

229 3376 380 3457 sed
438 3376 966 3485 professione
1036 3376 1373 3484 pietatis
1432 3375 2026 3455 excusandum.
2165 3374 2477 3454 Crede-

227 3509 420 3586 bam
476 3513 752 3584 autem
810 3504 936 3583 rei
993 3504 1405 3614 imprimis
1465 3532 1650 3584 esse
1699 3504 2243 3608 convenienS‚
2304 3513 2477 3584 stu-

123 3675 129 3678 ·
229 3635 563 3715 diorum
621 3662 999 3723 meorum
1054 3635 1219 3716 tale
1274 3634 1474 3714 Tibi
1532 3634 1839 3715 offerre
1893 3635 2353 3742 specimen,
2432 3662 2479 3713 e

228 3793 397 3875 quo
447 3762 743 3866 simul,
812 3763 1016 3872 quid
1075 3794 1231 3872 ego
1290 3765 1380 3841 in
1438 3765 1594 3844 bac
1653 3764 2087 3844 literarum
2146 3765 2474 3843 univer·

228 3895 508 3998 sitate‚
559 3892 698 3973 cui
741 3893 876 3970 Tu
923 3891 1099 3970 fere
1144 3892 1590 3973 duodecim
1637 3922 1790 4001 per
1832 3893 2093 3972 lustra
2140 3891 2477 4000 egregie

230 4033 361 4127 et,
446 4019 627 4129 jam
703 4048 959 4100 senex
1032 4024 1671 4127 octogenarius,
1763 4022 2051 4130 vigore
2117 4018 2478 4129 juvenili

231 4148 729 4231 consuluisti
751 4204 779 4252 ‚
867 4146 1249 4229 docendo
1317 4151 1924 4258 praestitissem
1946 4208 1974 4253 ‚
2067 4178 2172 4229 ex
2238 4159 2477 4257 parte

231 4278 569 4387 quidem
626 4308 920 4390 posses
983 4307 1354 4360 censere.
1493 4280 1711 4362 Tres
1766 4280 1989 4361 enim
2047 4278 2225 4360 fere
2285 4288 2480 4359 sunt
