3022 4934
1384 318 1803 378 -20—

460 502 582 555 tem
643 503 765 553 tam
824 501 992 552 arcte
1051 491 1393 551 cohaerere
1455 511 1592 550 cum
1650 490 1819 557 hac‚-
1874 498 1939 550 ut
1998 491 2100 550 illa
2158 491 2469 569 appellata
2529 493 2708 550 simul

458 597 641 653 etiam
683 594 843 651 haec
885 593 962 650 sit
1005 588 1456 670 adsignificata,
1493 600 1566 650 *et
1601 608 1823 669 porro,
1855 591 2135 649 -eandem
2168 592 2473 650 rationem
2507 591 2709 648 inter-

455 693 680 754 cedere
716 693 876 754 inter
920 688 1043 773 τήν
1087 693 1317 774 κέρκον
1353 701 1415 753 et
1450 693 1612 753 inter
1653 687 1776 771 τήν
1821 688 2056 770 ὀσφῦν.
2148 694 2460 767 Ceterum,
2504 710 2707 771 neque

455 798 576 857 boc
616 798 756 856 loco
802 789 931 875 τήν
974 787 1187 876 ὀσφῦν
1230 813 1466 854 merum
1513 814 1583 855 os
1631 811 1796 865 esse,
1842 791 2022 853 facile
2062 794 2278 855 elucet.
2364 796 2708 875 vesparum

453 900 593 956 loco
639 896 1011 956 vocabulum
1058 904 1199 974 apte
1246 896 1463 974 aliquis
1511 896 1949 974 interpretetur
2002 891 2272 954 dorsum
2320 903 2705 980 extremum,

452 1005 671 1073 nates,
736 996 980 1058 clune&
1068 999 1137 1057 In
1194 994 1545 1077 fragmento
1587 998 1943 1075 Amphiarai
2000 997 2286 1058 vocabuli
2341 1017 2485 1055 usus
2538 996 2705 1054 idem

452 1109 576 1175 est;
638 1118 753 1178 per
797 1119 866 1158 se
910 1100 1294 1179 intelligitur,
1361 1099 1438 1158 de
1485 1117 1597 1158 ave
1641 1099 1866 1158 dictum
1920 1100 2106 1158 etiam
2151 1098 2408 1159 caudam
2460 1095 2704 1175 signifi-

450 1222 614 1262 care.
713 1203 927 1260 Restat
975 1202 1146 1262 locus
1192 1201 1544 1273 Menandri,
1610 1220 1793 1279 quem
1849 1219 2037 1279 supra
2091 1199 2459 1278 exscriptum
2516 1196 2704 1256 dedi-

450 1322 602 1360 muS.
707 1299 843 1358 Hoc
897 1300 1042 1358 loco
1088 1317 1459 1375 quamquam
1518 1299 1738 1357 eadem
1793 1318 2049 1375 prorsus
2105 1300 2334 1360 locutio
2382 1309 2476 1361 est
2520 1309 2704 1381 atque

448 1401 586 1457 loco
619 1396 1011 1468 Herodoteo,
1058 1397 1539 1475 haudquaquam
1584 1403 1791 1455 tamen
1837 1397 2118 1456 eandem*
2147 1419 2283 1457 esse
2329 1421 2463 1460 rem
2506 1403 2704 1482 signi-

445 1499 722 1571 ficatam,
783 1499 846 1557 in
900 1500 1234 1578 propatulo
1295 1508 1410 1558 est·
1443 1500 1643 1558 situm.
1743 1496 1971 1559 Contra
2023 1513 2161 1558 eam
2214 1502 2702 1580 explicationem,

446 1620 632 1680 quam
699 1620 888 1681 supra
953 1601 1475 1680 deprehendimus
1543 1603 1606 1660 in
1672 1602 2100 1683 Etymologico
2162 1606 2424 1684 Magno,
2501 1607 2702 1685 primo

446 1703 663 1763 obtutu
725 1704 910 1775 nihil,
987 1704 1155 1781 quod
1184 1721 1187 1724 ⁴
1215 1703 1465 1781 quidem
1523 1701 1769 1763 firmum
1828 1705 1938 1775 sit,
2013 1703 2255 1765 videtur
2316 1699 2433 1766 dici
2494 1727 2699 1786 posse.

441 1804 567 1861 Sed
624 1803 963 1864 accuratius
1025 1803 1438 1863 consideranti
1498 1805 1731 1870 nescio,
1768 1822 1846 1863 an
1896 1805 2039 1883 jure
2087 1805 2386 1865 dubitatio
2441 1810 2697 1883 oriatur,

441 1923 519 1961 an
557 1906 809 1963 omnino
846 1912 1151 1981 aptanon
1186 1905 1280 1960 sit.
1368 1902 1549 1960 Certe
1586 1922 1774 1978 quum
1796 1904 2017 1981 paullo
2041 1913 2196 1981 ⁴post
2225 1899 2388 1969 ὀστᾶ
2426 1903 2696 1987 ἄβρωτα

441 2011 1035 2076 commemorentur,
1116 1998 1291 2083 ἱερὸν
1353 2010 1559 2062 autem
1617 1998 1860 2066 ὀστοῦν
1921 2011 1983 2063 et
2039 2005 2237 2082 ipsum
2297 2005 2375 2065 sit
2434 1998 2701 2083 ὀστοῦν,

440 2125 679 2165 sacrum
719 2124 788 2164 os
818 2086 1103 2182 speciose
1135 2103 1351 2181 aliquis
1387 2103 1610 2163 dixerit
1635 2103 1832 2162 minus
1862 2111 2005 2181 apte
2036 2104 2159 2164 hoc
2189 2104 2330 2165 loco
2363 2108 2695 2167 recenseri.

438 2208 575 2264 Hoc
632 2212 866 2263 certum
927 2210 1047 2274 est,
1118 2210 1361 2262 exstare
1421 2202 1604 2262 etiam
1663 2203 1919 2262 alteram
1977 2206 2311 2278 rationem,
2382 2227 2503 2285 qua
2561 2214 2694 2287 quis

435 2307 540 2365 illa
583 2306 779 2364 verba
824 2305 1131 2383 explicare
1175 2305 1372 2382 possit
1415 2305 2084 2384 aptissime,--eamque
2128 2307 2443 2386 analogia,
2510 2330 2692 2388 quam

433 2407 587 2465 alius
635 2396 882 2484 quidam
926 2407 1096 2464 locus
1153 2407 1367 2465 comici
1420 2414 1648 2485 poetae
1694 2408 1825 2487 jam
1871 2408 2115 2485 pridem
2158 2409 2221 2467 in
2265 2413 2691 2489 comparatio-

432 2524 575 2564 nem
642 2515 894 2565 vocatus
954 2508 1252 2584 praebet,
1331 2507 1664 2566 admodum
1726 2509 2236 2567 commendatam.
2339 2510 2408 2568 ln
2469 2513 2692 2572 Eubuli

433 2608 594 2665 enim
634 2607 1012 2686 fragmento,
1060 2609 1230 2685 quod
1267 2608 1480 2667 itidem
1516 2626 1553 2667 a
1586 2607 1900 2667 Clemente
1943 2611 1981 2667 l.
2017 2629 2067 2668 c.
2094 2612 2443 2671 ⁴exhibitum
2492 2621 2586 2671 est
2630 2625 2692 2675 et

430 2728 592 2767 nunc
637 2727 672 2765 a
709 2708 1019 2767 Meinekio
1065 2715 1597 2786 repraesentatum
1629 2709 1870 2789 Fragm.
1900 2709 2127 2772 Comic.
2163 2713 2378 2773 Graec.
2424 2714 2561 2774 Vol.
2585 2716 2686 2788 111,

428 2831 488 2887 p.
524 2809 679 2882 270,
736 2811 896 2870 haec
938 2810 1258 2889 leguntur:

652 2904 876 2980 αὐτοῖς
928 2911 997 2973 δὲ
1053 2923 1193 2980 τοῖς
1251 2918 1464 2971 θεοῖσι
1515 2901 1666 2990 ’τήν
1724 2910 2013 2989 κέρκον
2067 2905 2348 2993 μόνην

653 3013 755 3072 καὶ
813 3005 1030 3088 μηρὸν
1083 3005 1296 3087 ὥςπερ
1356 3008 1822 3088 παιδερασταῖς
1876 3010 2113 3084 θύετε,

427 3109 764 3168 secundum
802 3128 960 3186 quae
995 3109 1191 3167 verba
1228 3126 1344 3185 ego
1383 3128 1629 3179 censeo,
1676 3111 1816 3168 loco
1850 3111 2173 3170 Menandri
2214 3108 2428 3186 ὀσφῦν
2473 3110 2685 3193 ἄκραν

425 3210 575 3268 nihil
622 3229 759 3270 esse
805 3210 920 3268 nisi
967 3210 1297 3287 κέρκον,
1342 3215 1557 3267 contra
1603 3226 1785 3285 quam
1830 3211 2113 3281 VossiuS,
2161 3212 2261 3287 qui
2307 3214 2345 3269 l.
2379 3233 2428 3271 c.
2473 3235 2533 3291 p.
2559 3216 2681 3275 373

427 3333 578 3371 voce
642 3312 872 3392 κέρκον
933 3312 1169 3387 spinam
1243 3309 1372 3366 sive
1438 3327 1507 3366 os
1580 3328 1822 3368 sacrum
1895 3309 2224 3389 significari
2299 3311 2683 3388 opinabatur.

422 3415 608 3487 Quod
656 3413 705 3472 si
752 3432 966 3473 verum
1012 3420 1130 3484 est,
1175 3431 1301 3471 non
1348 3431 1502 3490 opus
1550 3412 1665 3471 erit
1709 3419 2012 3481 statuere,
2061 3431 2279 3471 vocem
2316 3407 2535 3490 ὀσφῦν
2574 3432 2689 3490 per

418 3536 485 3576 se
532 3518 728 3576 solam
774 3515 1119 3577 Menandro
1176 3515 1340 3577 aliud
1403 3515 1550 3593 quid
1602 3516 1790 3576 fuisse
1846 3532 2028 3594 quam
2069 3512 2262 3574 ·‹lorsi
2311 3520 2682 3574 extremam

413 3625 669 3698 partem
723 3628 785 3679 et
841 3625 1047 3678 nateS.
1149 3620 1241 3677 Ex
1296 3619 1366 3676 iis
1422 3620 1603 3691 locis,
1663 3620 1724 3678 in
1771 3638 1925 3697 quos
1983 3618 2185 3676 adhuc
2241 3614 2683 3693 inquisivimus»,

419 3727 711 3797 apparet,
774 3719 895 3777 vim
942 3729 1004 3778 et
1049 3740 1223 3777 usum
1269 3719 1554 3778 vocabuli
1601 3712 1809 3799 ὀσφῦς
1853 3719 2026 3779 vario
2074 3718 2263 3777 modo
2307 3716 2562 3787 inflecti,
2623 3726 2685 3776 ut

418 3821 750 3897 plurimum
787 3827 990 3877 tamen
1036 3820 1099 3878 id
1140 3840 1278 3878 non
1320 3817 1462 3879 sola
1502 3839 1649 3879 ossa
1683 3820 2061 3900 significare,
2108 3819 2221 3878 sed
2252 3814 2457 3877 simul
2485 3817 2684 3876 etiam

421 3920 794 4005 adjacentes
840 3940 1094 3979 carnes,
1194 3923 1493 4000 Apposite
1540 3923 1853 3981 Weiskius
1900 3922 1937 3979 l.
1976 3943 2025 3980 c.
2072 3943 2130 3999 p.
2165 3920 2287 3979 245
2335 3919 2413 3977 de
2460 3938 2683 3977 sacro--

422 4042 554 4080 rum
598 4022 748 4094 ritu,
798 4023 994 4102 qualis
1041 4023 1423 4102 temporibus
1468 4023 1724 4083 Homeri
1770 4024 1984 4097 fuerit,
2031 4025 2215 4083 etiam
2262 4030 2481 4101 postea
2525 4041 2682 4100 per-

420 4120 676 4182 durante
722 4125 917 4183 verba
962 4125 1192 4184 faciens
1245 4126 1410 4184 «Nur
1454 4125 1645 4197 tritt,»
1704 4111 1816 4199 ait,
1879 4127 2116 4206 «einigc
2162 4125 2539 4186 Dunkelheit
2582 4126 2681 4184 ein

421 4243 636 4303 wegen
681 4227 792 4286 der
836 4227 1392 4287 Vei-schiedenheit
1437 4227 1607 4288 eines
1654 4226 2035 4311 tlreg’f'aclten
2074 4227 2678 4307 SprachgebrauchS,

413 4325 679 4385 niimlich
721 4327 830 4385 des
876 4330 1041 4389 alten
1087 4325 1401 4412 heiliyen,
1444 4332 1554 4390 des
1599 4331 1973 4416 yeme-ineu,
2022 4333 2136 4391 der
2182 4330 2458 4410 zugleich
2506 4332 2681 4393 meist
