3022 4934
1138 277 1381 377 ...33
1471 349 1547 358 -

227 505 303 547 eo
355 487 606 560 ducunt,
665 494 730 547 ut
782 486 960 565 hujus
1013 500 1227 544 vocem
1280 484 1439 543 inter
1482 490 1718 545 cantum
1773 486 1929 546 illius
1983 486 2248 547 auditam
2294 504 2430 546 esse

225 605 547 648 sumamus.
915 646 918 650 ,

386 688 583 746 Versu
613 684 734 745 248
778 704 961 764 quum
1003 671 1241 746 videret
1278 686 1631 766 particulam
1665 710 1737 750 τε
1771 689 1959 747 omitti
2000 689 2062 748 in
2099 689 2235 749 cod.
2263 690 2428 760 Rav.,

221 791 401 859 Ven.‚
443 786 791 848 Florentino
836 794 899 847 et
938 795 1227 863 metrum,
1287 788 1455 868 quod
1493 789 1635 848 inde
1680 806 1718 847 a
1759 787 1961 846 verbis
2005 795 2078 850 οἵ
2108 784 2180 851 θ’
2220 790 2432 861 ἑλείας

222 906 298 948 ex
349 885 580 949 creticis
634 892 897 961 constat,
957 888 1263 969 corrumpi
1315 896 1591 951 censeret
1639 886 1923 948 Alfredus
1966 886 2426 962 FleckeiseniuS,

217 986 746 1060 HelmstadiensiS,
806 988 1109 1050 societatis
1149 990 1559 1071 philologicae
1604 990 1746 1051 olim
1792 989 2049 1061 sodalis,
2110 990 2428 1068 proposuit

217 1088 633 1150 scribendum:
688 1083 919 1167 ὅρνις
973 1088 1752 1173 πτερυγοποίκιλος.
1835 1089 2214 1162 Existimavi‚
2270 1089 2429 1149 hanc

218 1178 627 1273 conjecturam
668 1208 877 1252 veram
922 1209 1056 1253 esse
1098 1210 1314 1271 posse,
1369 1192 1482 1255 sed
1521 1192 1876 1273 particulam
1919 1214 2020 1265 τε,
2071 1188 2427 1269 explicando

215 1292 380 1352 illam
434 1291 895 1364 inservientem,
970 1299 1036 1352 ut
1092 1293 1491 1354 Eumenidum
1552 1293 1653 1353 Vs,
1693 1294 1765 1353 11
1835 1301 1895 1351 et
1959 1291 2234 1370 pluribus
2293 1290 2423 1350 aliis

214 1391 398 1465 lociS,
456 1391 662 1451 monui
721 1398 844 1452 tam
902 1410 938 1451 a
990 1392 1195 1473 lingua
1250 1411 1432 1472 quam
1491 1411 1529 1454 a
1582 1411 1764 1453 sensu
1823 1390 2112 1472 flagitari;
2180 1389 2231 1450 si
2272 1389 2423 1467 ‘quis

212 1500 506 1556 statueret
555 1502 804 1574 poetam
844 1496 1191 1574 scripsisse:
1255 1492 1434 1576 ὄρνις
1481 1490 2056 1577 πτερυγοποίκιλός
2104 1488 2186 1566 τ’,
2243 1491 2425 1548 etiam

211 1596 358 1656 illud
413 1596 697 1658 facillime
756 1597 1034 1679 intelligi,
1101 1596 1413 1677 quomodo
1470 1596 1707 1658 factum.
1751 1600 1941 1667 esset,
2011 1599 2077 1653 ut
2132 1591 2426 1672 particula

211 1722 281 1760 τε
334 1698 474 1757 loco
530 1698 724 1758 minus
781 1697 960 1758 solito
1025 1698 1225 1777 posita
1283 1717 1321 1759 a
1371 1696 1671 1759 nonnullis
1725 1694 1988 1755 librariis
2048 1692 2426 1753 omitteretur

213 1799 492 1871 omnino,
556 1799 634 1857 ab
679 1799 808 1858 aliis
855 1817 929 1857 ea
973 1799 1377 1862 collocaretur
1418 1800 1597 1872 sede,
1659 1816 1815 1877 quae
1860 1798 2004 1877 ipsis
2048 1794 2240 1874 magis
2286 1810 2421 1852 esse

212 1897 433 1957 idonea
480 1897 808 1958 videretur.
841 1935 924 1945 —

1254 2224 1364 2301 11.

1134 2390 1211 2440 De
1259 2391 1495 2443 musicis.

373 2549 678 2624 Carmine,
735 2570 857 2630 quo
902 2560 1342 2628 convocantur,
1392 2551 1563 2613 finito
1609 2552 1934 2614 crediderit
1976 2552 2220 2631 aliquiS,
2275 2568 2418 2610 aves

207 2653 324 2711 cito
381 2653 701 2713 advolasse
755 2659 816 2712 et
869 2651 1040 2712 chori
1099 2653 1401 2732 parodum
1459 2655 1681 2714 factam
1747 2674 1900 2713 esse.
2012 2653 2088 2712 At
2140 2658 2421 2711 neutrum

207 2754 435 2828 evenit,
493 2755 689 2815 statim
735 2753 995 2833 quidem.
1098 2755 1454 2830 Videamus,
1518 2773 1674 2839 quae
1726 2755 1982 2815 subinde
2008 2769 2010 2771 ’
2035 2752 2258 2832 scripta
2309 2768 2419 2809 re-

198 2852 549 2934 ¹periantur:

933 2955 1684 3022 ΠΕῙΣΘΕΤΑῙΡΟΣ.

283 3052 485 3139 Ὁρᾷς
534 3051 660 3119 τιν’
706 3051 928 3138 domm·

1019 3152 1600 3221 ΕΥΕΛΠΙΔΗΣ.

1011 3249 1111 3335 μοὶ
1156 3246 1275 3320 τὸν
1315 3246 1622 3323 Ἀπόλλω
1656 3248 1763 3340 ’γώ
1803 3259 1934 3338 μὲν
1980 3250 2093 3322 οὔ·

286 3354 427 3420 Καί
466 3382 572 3424 τοι
612 3352 850 3441 κέχηνά
892 3353 951 3439 γ’
995 3359 1088 3427 εἷς
1129 3351 1249 3420 τὸν
1290 3348 1576 3438 οὐρανὸν
1615 3357 1903 3441 βλέπων.

935 3474 1688 3541 ΠΕῙΣΘΕΤΑῙΡΟΣ.
1750 3482 1753 3484 ’

272 3568 534 3651 ''AM-wc
575 3567 671 3657 ἄρ’
715 3570 947 3661 οὕποψ
988 3572 1072 3649 ὥς
1109 3571 1261 3643 ἔοικ’
1303 3580 1397 3650 εἰς
1437 3571 1563 3657 τήν
1602 3572 1854 3664 λόχμην
2295 3573 2416 3635 265

284 3671 498 3761 ἔμβοὶς
538 3677 775 3757 ἐπῶζε,
829 3671 1183 3763 χαραδριὸν
1234 3675 1674 3761 μιμούμενος.

894 3795 1186 3860 ΦΟῙΝῙ
1178 3797 1240 3860 Κ
1251 3796 1392 3861 ΟΠ
1397 3797 1587 3861 ΤΕΡ
1590 3796 1733 3862 ΟΣ.

298 3896 562 3976 Τοροτὶξ
610 3894 888 3979 τοροτίξ.

932 4014 1117 4079 ΠΕῙ
1110 4015 1305 4081 ΣΘΕ
1310 4018 1381 4082 Τ
1367 4018 1485 4084 AI
1482 4019 1540 4086 P
1547 4018 1689 4084 ΟΣ.

272 4105 555 4199 ’.Ωγᾰθᾎ
608 4106 745 4179 ἄλλ’
790 4107 913 4182 οὖν
956 4109 1173 4181 οὑτοσὶ
1215 4117 1319 4183 καὶ
1360 4115 1443 4201 δή
1487 4144 1586 4190 τις
1628 4115 1808 4200 ὅρνις
1851 4122 2119 4204 ἔρχεται.

1011 4235 1591 4304 ΕΥΕΛΠῙΔΗΣ.

155 4312 160 4316 ’
283 4328 399 4412 ij
446 4326 548 4400 Δί’
592 4333 772 4421 ὄρνις
813 4335 999 4421 δῆτα.
1096 4336 1215 4411 Τίς
1253 4331 1399 4405 ποτ’
1445 4338 1622 4407 ἐστίν
1637 4365 1660 4421 ,·
1723 4335 1830 4408 Οὐ
1870 4332 2084 4421 δήπου
2124 4338 2328 4415 woh-'3
