3022 4934
1385 322 1468 333 -
1559 289 1679 349 116
1764 262 1900 333 -'

477 459 557 517 Et
600 461 873 531 constat,
949 463 1179 536 quanta
1239 454 1555 533 celeritate
1598 460 1739 534 post
1793 453 2737 534 pugnamvsalaminiamfshe—

475 554 760 616 mistocle
806 567 1059 619 curan-te
1103 559 1262 618 muri
1320 543 1699 619 Athenarum
1753 555 1925 617 urbis
1989 557 2203 617 structi
2231 586 2235 591 ·
2262 556 2423 618 sint..
2486 555 2737 637 Singula

473 656 665 715 verba
709 658 931 717 :facilia
996 666 1138 718 sunt
1172 660 1279 718 .ad
1335 658 1816 741 intelligendum.
1901 657 2120 719 Dicam
2173 656 2600 730 tantummodo
2657 656 2736 719 de

473 759 580 817 Vs·
604 759 730 819 839
751 778 889 839 sqq.
950 761 1124 822 Haec
1155 761 1344 822 verba
1382 761 1446 819 in
1481 761 1843 824 memoriam
1877 765 2181 821 revocant
2206 773 2307 837 ea,
2337 778 2500 840 quae
2524 757 2737 839 posuit

475 857 874 938 Thucydides
917 860 962 934 Ι,
1006 861 1087 922 93
1146 876 1336 938 agens
1392 860 1471 920 de
1515 858 2015 925 murisPiraeei:
2077 853 2265 930 ἐντὸς
2306 858 2374 925 δὲ
2420 855 2579 924 οὔιε
2620 850 2735 942 χά-

473 958 572 1030 λιξ
614 952 781 1022 οὔτε
815 958 1024 1043 πηλός
1065 952 1188 1041 ἦν,
1232 980 1396 1040 quae
1436 960 1791 1041 pos-teriora
1832 960 2027 1023 verba
2065 959 2492 1024 illustraturus.
2524 957 2735 1022 Mael—

471 1057 637 1119 lerus
680 1059 820 1123 l.-'c.
877 1081 941 1141 p.
979 1063 1022 1124 9
1078 1064 1516 1146 'Thucydidem
1575 1060 2056 1143 significare'ait
2119 1063 2731 1126 »exsaxis‘muru'm

471 1167 671 1220 totum
715 1167 1091 1235 exstructum
1131 1182 1462 1236 esse,>-ne.n
1507 1169 1579 1223 ut·
1618 1161 1952 1224 aliast-fieri
1998 1162 2262 1236 solebat,
2306 1162 2658 1227 utfrontes
2683 1171 2732 1223 se

470 1259 855 1337 lapide-duro
878 1268 1146 1321 structae
1160 1269 1228 1321 et
1250 1281 1364 1340 per
1385 1263 1673 1322 diatonos
1698 1261 2193 1342 colligataeimdi
2206 1282 2407 1342 opere
2424 1263 2733 1328 famicem
2819 1254 2823 1256 ’

473 1367 606 1433 tur,
674 1361 848 1437 quod
892 1360 1249 1439 emplecton
1293 1362 1604 1423 diciturn-r..
1638 1362 1820 1421 =Nam
1863 1360 2237 1422 vocabulum
2276 1355 2732 1447 ξ’χάλιξεξςηίψ

471 1460 663 1521 ficare
706 1459 950 1540 lapides
990 1461 1224 1537 duros,
1282 1465 1369 1524 ita
1415 1463 1767 1536 adhibitoS,
1826 1469 1895 1523 ut
1955 1461 2733 1543 sintuatis-Deavulgata

464 1560 570 1621 illa
614 1581 825 1622 muros
869 1564 1439 1622 struendiratione
1480 1565 1752 1644 cogitare
1794 1562 2221 1623 Pisthetaerus
2277 1560 2729 1640 videtur,.4dum

469 1663 581 1723 illa
623 1663 814 1724 verba
872 1663 1071 1741 ponit.
1158 1665 1284 1725 Sed
1329 1666 1533 1743 neque
1593 1664 1725 1743 ejus
1769 1661 1833 1721 in
1878 1662 2269 1741 opere'jipso
2314 1664 2732 1726 ufllumifuisse

469 1783 643 1824 usum
687 1760 770 1823 ex
811 1763 949 1836 iis,
991 1781 1152 1843 quae
1196 1766 1417 1843 postea
1475 1762 1720 1841 scripsit
1775 1769 2003 1842 poeta,
2071 1770 2351 1842 apparet..
2459 1763 2728 1828 Omnino

466 1863 800 1943 Euelpides
845 1864 1019 1928 nullo
1066 1864 1260 1925 modo
1319 1864 1630 1943 particeps
1685 1862 1808 1923 fuit.
1855 1869 2199 1924 structurae
2249 1881 2601 1938 murorum,
2631 1896 2728 1922 --.-

465 1967 776 2044 siquidem
836 1966 996 2024 haec
1069 1966 1360 2043 colligere
1403 1952 1554 2024 ⁴licet
1611 1983 1688 2021 ex
1731 1963 1977 2024 silentio
2014 1964 2219 2026 >nuntii
2262 1984 2383 2038 -;
2450 1964 2588 2026 sola
2634 1985 2727 2040 ea,

467 2084 629 2144 quae
690 2067 989 2127 vs.»1159
1026 2085 1161 2144 sqq,
1220 2064 1674 2138 describuntur,
1737 2064 1876 2143 ipso
1951 2072 2203 2127 curante
2261 2066 2536 2128 instituta
2582 2086 2727 2128 cre-

467 2168 616 2227 dere
663 2166 829 2227 licet.
1026 2171 1031 2176 '
1575 2191 1578 2193 ·
2190 2224 2193 2227 .

632 2269 870 2345 Nempe
911 2268 1048 2344 ipsa
1092 2272 1396 2325 structura
1439 2263 1959 2324 munimentorum
1984 2306 2003 2336 ,
2044 2270 2113 2324 ut
2152 2265 2298 2324 loco
2344 2264 2426 2324 ad
2471 2274 2736 2343 postre—

465 2390 630 2429 mum
683 2368 849 2449 typis
895 2368 1207 2442 exscripto
1271 2367 1600 2436 docemur,
1666 2381 1704 2422 a
1759 2363 1913 2424 solis
1967 2363 2184 2425 avibus
2241 2363 2559 2443 perficitur
2610 2386 2725 2427 suo

464 2471 717 2550 ingenio
752 2468 972 2540 ductis,
1017 2466 1467 2526 noninstitutis
1510 2465 1589 2524 ab
1614 2464 1742 2524 alio
1767 2482 2099 2542 quoquam,
2142 2466 2229 2524 ita
2277 2472 2342 2525 ut
2374 2466 2725 2527 ne'Pisthe-

467 2578 675 2629 taerus
742 2568 992 2648 quidem
1050 2566 1238 2641 sciat,
1308 2567 1632 2646 quomodo
1698 2566 1940 2645 singula
1993 2572 2287 2646 ¹quaeque
2352 2566 2723 2645 gestaasint,

468 2673 580 2731 sed
641 2670 889 2729 demum
953 2687 1032 2741 ex
1090 2669 1305 2729 nuntio
1363 2667 1728 2746 comperiat.
1796 2667 2203 2728 *Munimenta
2247 2673 2490 2741 autem,
2562 2677 2723 2745 quae

467 2770 919 2841 describuntur,
961 2767 1035 2826 in
1079 2765 1464 2826 niniven-sum
1506 2766 1832 2844 imaginem
1875 2767 2111 2827 referre
2158 2769 2440 2829 videntur
2482 2787 2717 2840 eorum,

463 2887 623 2949 quae
681 2865 1143 2937 Themistocle,
1212 2864 1795 2938 Cimones-Pericle
1860 2868 2153 2947 deinceps
2223 2870 2575 2929 curantibus
2641 2870 2723 2929 ad

462 2971 733 3029 Athenas
776 2966 1065 3028 omnibus
1111 2984 1186 3024 ex
1231 2964 1510 3043 partibus
1549 2967 1983 3030 defendendas
2027 2976 2339 3030 exstructa
2364 2976 2550 3040 sunt,
2595 2988 2722 3030 non

465 3064 681 3128 eorum
727 3075 965 3127 tantum
1007 3083 1353 3134 murorum,
1399 3066 1503 3140 qui
1528 3069 1966 3131 ‘Themistocle
2008 3089 2270 3131 suasore
2315 3069 2477 3129 circa
2520 3068 2721 3146 ipsam

462 3169 676 3230 urbem
737 3165 901 3228 ducti
963 3169 1123 3225 sunt.
1237 3163 1338 3224 Sic
1407 3173 1572 3225 certe
1630 3172 2020 3229 statuendum
2078 3173 2322 3243 videtur
2383 3171 2719 3232 secuudum

462 3273 651 3331 verba
693 3265 1063 3330 Pisthetaeri
1107 3268 1210 3327 Vs.
1245 3267 1366 3326 551
1428 3266 1675 3344 posita:
1748 3271 1848 3336 καὶ
1891 3270 2034 3333 πᾶν
2088 3272 2271 3334 τουτὶ
2337 3267 2411 3334 τὸ
2454 3269 2721 3347 μεταξύ,

465 3371 687 3449 quibus
731 3368 944 3429 nescio
991 3385 1072 3426 an
1114 3364 1197 3431 τοὶ
1242 3361 1465 3446 μακροὶ
1510 3369 1702 3452 σκέλη
1745 3369 2065 3430 etforsan
2108 3370 2293 3429 etiam
2336 3363 2412 3436 26
2453 3364 2560 3433 διοὶ
2602 3371 2720 3450 με’-

462 3495 580 3535 σου
622 3484 838 3555 τεῖχος
880 3469 1329 3549 significentur..
1372 3470 1497 3531 Ad
1540 3491 1752 3532 muros
1795 3472 2359 3552 Piraeeinspectant
2399 3487 2512 3544 ea,
2557 3457 2718 3549 quae

463 3573 566 3629 Vs·
613 3569 775 3630 1125
803 3588 942 3648 sqq.
1003 3571 1083 3632 de
1136 3572 1463 3633 latitudine
1532 3592 1851 3634 murorum
1912 3571 2538 3652 Nephelococcygiae
2581 3578 2718 3631 tra-

460 3673 718 3743 duntur,
762 3672 842 3729 ad
889 3674 1178 3748 eosdem,
1246 3692 1406 3752 quae
1453 3675 1743 3752 deinceps
1786 3675 2087 3735 Vs.-113o
2114 3693 2206 3751 sq.
2251 3672 2329 3731 de
2374 3670 2715 3743 altitudine,

459 3774 507 3831 si
552 3790 700 3835 vera
746 3777 842 3831 est
904 3774 1219 3835 Suevernii
1264 3775 1572 3836 sententia
1615 3773 1656 3833 l.
1691 3791 1757 3835 c.
1800 3795 1860 3854 p.
1891 3774 1973 3836 ’76
2018 3775 2160 3835 adn.
2195 3774 2236 3835 4
2280 3769 2547 3852 prolata,
2591 3789 2715 3830 vo—

359 3911 368 3916 ·
460 3873 682 3935 cabula
745 3873 963 3955 μῆκος
1009 3882 1069 3934 et
1111 3870 1363 3954 μάκρος
1405 3871 1742 3954 pro-,simog-
1797 3870 2009 3954 posita
2063 3883 2203 3937 esse
2247 3871 2587 3948 censentis,
2634 3875 2714 3934 de

458 3998 579 4055 quo
626 3977 735 4037 cfr.
780 3976 967 4036 etiam
1011 3975 1310 4034 Lobecki'i
1353 3977 1520 4034 adn.·v
1540 3976 1621 4034 ad
1646 3976 1845 4057 -Ajac..
1873 3978 1977 4036 Vs.
2012 3977 2162 4061 s13⁴0,
2221 3974 2338 4035 nisi
2381 3975 2543 4051 quod
2586 3981 2710 4035 tam

457 4079 837 4139 latitudinem
904 4095 1089 4156 quam
1152 4077 1538 4147 altitudinem
1586 4076 1909 4156 aliquanto
1974 4079 2276 4158 majorem
2322 4092 2458 4136 esse
2519 4074 2712 4155 fingi-
2797 4091 2834 4153 f

460 4183 573 4233 tur.
655 4179 808 4237 Nam
858 4195 1221 4236 »murorum
1272 4176 1510 4237 Piraeei
1539 4223 1554 4250 ,
1618 4177 1952 4245 Muellerus
2011 4176 2210 4254 inquit
2256 4175 2297 4235 l.
2331 4196 2381 4236 c.
2425 4175 2486 4254 p.
2519 4176 2559 4236 8
2599 4194 2709 4253 sq„

463 4273 890 4355 »Thucydides
933 4279 984 4354 1,
1027 4278 1109 4338 93
1157 4277 1345 4337 tradit
1388 4298 1524 4340 eam
1572 4277 1763 4339 fuisse
1802 4277 2229 4349 latitudinem,
2293 4283 2360 4336 ut
2405 4295 2542 4336 cum
2587 4295 2705 4336 ex—
