3022 4934
1092 304 1510 364 -41-

202 469 290 529 tio
335 467 577 548 quidem
648 489 760 550 per
813 487 881 529 se
924 469 1074 557 satis
1116 469 1277 529 bene
1335 484 1522 546 posse
1575 466 1831 549 figurate
1875 467 2101 529 dictum
2144 486 2283 530 esse
2328 469 2405 528 de

204 572 371 652 gravi
414 580 474 634 et
512 574 708 635 fastus
749 568 935 649 plena
975 567 1304 630 incedendi
1344 556 1584 629 ratione
1626 569 1794 650 gallo
1849 569 2193 650 gallinaceo
2238 590 2401 650 pro-

199 672 363 751 pria,
406 688 588 751 quam
631 667 870 749 attingit
904 667 1008 730 hic
1047 676 1238 749 poeta
1283 668 1464 729 etiam
1503 670 1608 730 Vs.
1632 669 1757 731 486
1795 671 1986 732 verbo
2039 665 2398 753 διαβάσκει,

201 793 397 855 aeque
424 778 625 850 ,atque
684 791 799 832 nos
862 770 1146 834 Germani
1202 788 1341 831 cum
1394 768 1590 851 figura
1647 770 1904 832 dicimus
1969 770 2110 832 «aut
2162 769 2407 833 Stelzen

200 878 474 955 gehen»;
516 881 576 935 et
609 893 834 935 censeo
879 873 1182 952 equidem,
1219 869 1395 931 illum
1422 870 1745 954 gradiendi
1785 870 2038 932 modum
2079 871 2255 933 simul
2289 891 2402 933 re-

197 975 390 1037 latum
433 994 572 1036 esse
614 975 694 1033 ab
737 992 814 1034 eo
834 1021 851 1051 ‚
917 974 1021 1055 qui
1064 974 1291 1057 gallum
1331 974 1740 1059 gallinaceum
1781 973 2031 1054 agebat,
2097 972 2180 1034 ad
2221 992 2404 1054 quam

198 1094 326 1136 rem
368 1095 496 1137 non
560 1076 767 1155 inepte
827 1076 1048 1156 aliquis
1112 1077 1334 1138 dixerit
1394 1084 1674 1156 spectare
1736 1076 2055 1156 epitheton
2119 1072 2403 1149 &vonum

199 1176 325 1250 sed,
371 1176 555 1237 etiam
586 1177 840 1255 proprio
877 1194 1061 1238 sensu
1098 1177 1463 1256 capiendum
1499 1194 1637 1237 esse
1667 1176 2035 1238 vocabulum
2069 1168 2407 1259 ὀριβᾶτης,

198 1284 264 1336 ut
306 1277 662 1352 credamus,
717 1276 819 1339 vel
882 1278 958 1337 ea
1020 1276 1160 1338 sola
1225 1277 1433 1338 facere
1497 1277 1749 1350 debent,
1806 1293 1966 1356 quae
2004 1275 2219 1355 paullo
2263 1283 2405 1337 ante

201 1379 510 1439 attulimus
553 1378 832 1439 similiter
873 1378 1053 1439 dicta.
1134 1379 1244 1439 Est
1284 1384 1490 1439 autem
1542 1396 1680 1439 cum
1720 1376 1844 1442 hoc
1903 1376 2176 1454 epitheto
2222 1396 2402 1437 com-

195 1481 549 1558 ponendum
591 1481 928 1542 arctissime
948 1527 964 1555 ,
1029 1483 1202 1560 quod
1255 1481 1418 1539 infra
1472 1481 1576 1540 Vs.
1617 1479 1743 1539 836
1786 1477 1983 1556 gallus
2027 1476 2404 1556 gallinaceus

200 1580 421 1641 dicitur
460 1580 823 1664 ἐπιτήδειος
866 1583 1063 1646 οἰκεῖν
1103 1582 1211 1647 ἐπὶ
1254 1579 1535 1663 πετρῶν,
1576 1596 1737 1660 quae
1778 1576 1995 1653 verba,
2051 1596 2090 1638 a
2133 1578 2406 1640 Suever-

199 1682 337 1757 nio,
380 1682 421 1744 1.
465 1704 517 1745 c.
556 1704 618 1763 p.
652 1683 767 1760 63,
823 1682 988 1744 male
1028 1681 1375 1758 intellecta,
1427 1688 1713 1762 respectu
1757 1682 1923 1763 ejuS,
1968 1679 2074 1761 qui
2117 1680 2201 1741 ob
2245 1698 2406 1741 ocu-

198 1784 295 1843 los
340 1785 726 1860 versabatur,
769 1785 916 1867 galli
959 1784 1282 1865 gallinacei
1322 1784 1571 1863 prolata
1614 1803 1751 1844 esse
1768 1830 1785 1858 ‚
1840 1782 2000 1842 infra
2059 1782 2244 1843 etiam
2288 1800 2404 1839 ac-

199 1883 463 1945 curatius
528 1882 809 1945 elucebit.
913 1883 1219 1962 Flagitant
1280 1890 1484 1944 autem
1551 1884 1736 1944 etiam
1792 1883 1982 1957 haec,
2055 1889 2123 1942 ut
2184 1899 2404 1940 vocem

197 1980 511 2066 ὀριβοῖτης
569 1982 979 2044 existimemus
1020 1980 1271 2060 proprie
1314 1981 1535 2043 dictam
1581 1980 1660 2066 de
1714 2002 1786 2043 eo
1805 2028 1821 2056 ,
1889 1979 2004 2071 qui
2062 1980 2137 2040 in
2189 1988 2408 2043 monte

197 2082 453 2147 incedit.
537 2084 701 2157 Quid
739 2074 932 2143 multa
951 2085 980 2143 Ἰ
1062 2083 1200 2147 Non
1251 2089 1459 2162 potest
1510 2084 1641 2165 jam
1705 2081 1956 2144 dubium
2019 2098 2191 2157 esse,
2258 2084 2406 2162 quin

193 2179 466 2264 λόφωσις
521 2183 724 2246 avium
771 2183 1100 2244 referenda
1153 2182 1232 2242 sit
1285 2184 1367 2243 ad
1418 2182 1703 2244 sandalia
1753 2182 2043 2263 ipsarum.
2144 2186 2224 2246 Et
2263 2185 2404 2246 vide

187 2290 314 2369 jam
329 2334 344 2361 ,
396 2304 580 2367 quam
623 2287 866 2369 egregie
906 2288 1066 2349 haec
1105 2286 1547 2367 interpretandi
1587 2287 1748 2348 ratio
1793 2286 2051 2366 quadret
2092 2286 2277 2347 etiam
2319 2286 2400 2346 ad

194 2413 303 2455 eos
344 2390 559 2462 locoS,
614 2390 831 2469 quibus
889 2390 1255 2452 vocabulum
1296 2386 1498 2471 λόφος
1539 2391 1625 2449 ita
1664 2389 1933 2469 positum
1977 2395 2103 2462 est,
2146 2395 2244 2461 ut,
2288 2389 2404 2449 nisi

194 2494 472 2556 Comicus
514 2501 679 2556 esset
739 2493 1179 2574 Aristophanes
1199 2539 1216 2568 ,
1272 2493 1351 2554 de
1394 2492 1576 2554 crista
1616 2510 1745 2553 non
1786 2499 1999 2570 posset
2039 2509 2164 2550 non
2214 2510 2401 2551 usur-

191 2601 400 2673 patum
442 2614 595 2654 esse.
681 2595 804 2655 Sed
838 2595 1085 2675 egregie
1119 2595 1263 2656 lusit
1293 2601 1480 2672 poeta
1511 2594 1934 2665 facetissimus.
2018 2592 2205 2665 Quod
2237 2590 2403 2651 enim

191 2694 270 2754 ad
312 2695 414 2757 Vs.
447 2695 579 2776 ‚290
622 2697 871 2772 attinet,
907 2698 1036 2777 jam
1078 2697 1302 2778 liquet,
1348 2715 1532 2778 qnam
1574 2705 1716 2778 apte
1759 2696 2014 2758 miretur
2050 2695 2403 2775 Euelpides,

192 2794 357 2872 quod
399 2797 814 2879 κατωφαγᾶς,
872 2796 924 2857 si
967 2797 1334 2879 Cleonymus
1365 2799 1474 2872 sit,
1526 2817 1653 2859 non
1696 2797 1993 2879 abjecerit
2032 2796 2403 2870 sandalium3

190 2896 388 2973 quod,
434 2917 619 2975 quum
661 2898 851 2958 altum
894 2907 1086 2971 esset,
1144 2920 1294 2962 sane
1347 2904 1431 2962 ita
1476 2909 1609 2961 erat
1650 2906 2103 2978 comparatum,
2164 2904 2231 2958 ut
2268 2897 2399 2958 bo-

188 2996 412 3055 minem
480 2997 816 3072 prohibere
896 3000 1150 3058 deberet
1166 3044 1182 3071 ,
1267 3000 1588 3076 quominus
1650 2996 1777 3058 vcito
1836 3005 2143 3072 curreret3
2231 3004 2292 3058 et
2348 2998 2402 3057 si

184 3093 591 3153 Pisthetaerus
663 3095 765 3153 Vs.
810 3095 931 3156 292
951 3143 968 3170 ‚
1054 3098 1336 3157 vocabuli
1410 3095 1691 3179 λόφωσις
1761 3099 2154 3180 ambiguitate
2225 3107 2403 3160 utens

185 3193 267 3253 ad
303 3193 636 3273 jocandum
653 3242 669 3269 ,
711 3213 790 3256 ex
828 3197 1044 3278 Upupa
1088 3198 1356 3277 quaerit,
1398 3199 1756 3261 venerintne
1800 3219 1944 3261 aves
1988 3201 2070 3261 ad
2114 3201 2402 3275 diaulum,

186 3311 311 3354 non
352 3294 581 3373 potuit,
627 3316 811 3375 quum
863 3317 955 3375 ea,
1002 3319 1160 3380 quae
1195 3320 1342 3363 vere
1387 3309 1538 3376 erat,
1583 3299 1859 3381 λόφωσις
1896 3304 2101 3382 potius
2132 3301 2399 3364 maximo

183 3393 619 3473 impedimento
668 3419 804 3459 esse
835 3401 1093 3461 deberet
1123 3402 1523 3479 currentibus,
1565 3422 1690 3463 non
1716 3401 1873 3475 fieri,
1917 3403 2061 3483 quin
2091 3404 2178 3465 ita
2208 3403 2401 3466 verba

184 3517 482 3557 stammam
512 3517 743 3576 eorum,
788 3504 890 3581 qui
919 3504 1266 3580 audiebant,
1309 3506 1497 3565 risum
1538 3514 1878 3565 moverent.
1963 3505 2238 3566 Gessisse
2279 3523 2359 3563 au

183 3603 304 3656 tem
346 3599 608 3659 musicos
651 3600 714 3659 in
762 3620 944 3663 scena
989 3605 1183 3666 Attica
1220 3606 1440 3667 altiora
1483 3606 1789 3685 quaedam
1830 3606 2124 3678 sandalia,
2168 3612 2235 3664 ut
2274 3606 2405 3666 hoc

182 3706 320 3758 utar
350 3700 430 3759 ad
461 3710 716 3781 tempuS,
761 3704 873 3762 etsi
901 3725 1025 3765 non
1050 3708 1355 3785 reperitur
1385 3714 1669 3768 testatum
1696 3705 1998 3784 expressis
2025 3706 2253 3780 verbis,
2295 3713 2401 3766 ta-

181 3821 322 3860 men
363 3811 488 3861 tam
528 3822 644 3882 per
684 3823 752 3862 se
794 3823 918 3862 non
976 3814 1070 3864 est
1114 3826 1241 3865 non
1283 3808 1637 3885 probabile,
1703 3825 1887 3884 quam
1940 3805 2062 3865 loci
2105 3807 2400 3865 exsistunt

178 3912 456 3965 veterum
500 3913 561 3965 et
602 3906 963 3985 scriptorum
1008 3915 1071 3967 et
1112 3909 1673 3988 grammaticorum,
1719 3928 1799 3968 ex
1842 3909 2058 3989 quibus
2103 3903 2394 3967 credibile

180 4002 306 4064 fiat.
384 4006 567 4077 Quod
597 4006 678 4068 ad
710 4007 1048 4068 citharistas
1086 4011 1321 4087 attinet,
1366 4011 1532 4092 apud
1563 4011 1943 4091 Xiphilinum
1969 4009 2393 4091 cognoscimus

182 4108 487 4168 Neronem
523 4113 594 4171 ἐν
629 4110 712 4194 τῇ
740 4101 1049 4196 ὀρχήστρᾳ
1083 4108 1372 4195 κιθάραν
1399 4122 1634 4201 ἔχοντα
1677 4113 1784 4175 καὶ
1823 4104 2261 4194 ὀρθοστάδιον
2289 4113 2395 4175 καὶ

183 4204 678 4291 κοθόρνους,
723 4215 886 4277 ποτὲ
929 4212 996 4277 δὲ
1040 4205 1370 4295 ἑμβοῖδας,’
1400 4214 1505 4278 καὶ
1548 4227 1984 4296 πρσςωπεῖον,
2027 4220 2088 4271 et
2131 4214 2395 4273 cothur-

180 4324 293 4365 nos
338 4319 535 4384 gestat
574 4313 1157 4390 praestantissimum
1210 4312 1361 4377 illud
1417 4315 1712 4393 Apollinis
1773 4316 2116 4376 citharoedi
2158 4317 2395 4397 signum
