3022 4934
1409 289 1823 350 —32-

518 460 662 531 sint,
705 458 860 530 sive,
906 457 1071 536 quod
1113 457 1275 517 idem
1322 466 1442 532 est,
1496 458 1628 518 sola
1668 457 1816 517 tibia
1860 474 2214 539 expressae,
2267 476 2344 520 an
2387 459 2466 518 ab
2509 462 2723 539 Upupa

518 556 816 618 cantando
876 574 1200 635 expressae
1266 556 1622 617 concinente
1679 558 1929 618 luscinia
1993 561 2121 621 sive
2183 560 2332 621 tibia
2390 558 2725 639 adpirante.

516 657 800 718 Similiter
842 657 1052 734 quaeri
1093 664 1327 737 potest,
1370 658 1567 720 sintne
1610 658 1865 719 eaedem
1910 660 2004 720 vel
2045 660 2269 721 similes
2310 678 2525 735 voceS,
2569 675 2725 738 quae

514 763 673 821 infra
704 762 765 820 in
796 760 1036 821 duobus
1067 764 1453 844 reperiuntur
1485 764 1872 837 carminibuS,
1916 782 2177 842 quorum
2208 766 2375 845 prius
2409 784 2448 825 a
2477 766 2581 825 vs.
2606 760 2724 821 737

512 860 749 941 incipit,
810 861 1067 922 alterum
1111 880 1147 922 a
1187 865 1290 924 Vs.
1323 863 1476 938 769,
1538 864 1616 925 ab
1659 865 1760 938 iis,
1822 880 1981 944 quae
2023 851 2272 941 canunt,
2333 865 2543 927 avibus
2588 873 2650 926 et
2691 881 2741 924 a·

512 963 766 1022 luscinia
799 964 1095 1042 prolatae,
1141 982 1217 1024 an
1252 983 1288 1025 a
1324 966 1457 1026 sola
1488 965 1757 1027 luscinia.
1843 965 1962 1039 Qui
1994 968 2255 1046 primum
2286 968 2480 1028 nostri
2516 964 2728 1026 cantici

514 1082 761 1124 versum
816 1064 897 1124 ad
954 1084 1084 1125 rem
1140 1065 1584 1149 profligandam
1642 1068 1989 1128 adhibuerit
2047 1077 2109 1128 et
2165 1069 2341 1127 simul
2397 1067 2548 1140 loci,
2625 1065 2728 1143 qui

517 1176 611 1229 est
651 1186 837 1247 supra
878 1169 981 1228 Vs·
1010 1170 1089 1230 57
1117 1190 1236 1247 sq.,
1279 1172 1647 1245 meminerit,
1690 1172 1795 1233 ubi
1826 1171 2234 1233 Pisthetaerus
2277 1170 2363 1232 sic
2405 1166 2729 1248 alloquitur

514 1266 904 1344 Euelpidem:

733 1363 799 1429 τί
840 1363 1044 1448 λέγεις
1084 1358 1309 1445 οὗτοςς
1356 1363 1475 1433 τὸν
1520 1369 1743 1433 ἔποπα
1787 1379 1913 1432 παῖ
1956 1366 2207 1447 καλεῖς,

737 1459 857 1531 οὐκ
899 1463 1044 1532 ἀντὶ
1086 1470 1212 1533 τοῦ
1251 1463 1487 1538 παιδός
1532 1459 1590 1551 γ’
1632 1467 1822 1555 ἐχρῆν
1863 1472 2102 1533 ἐποποῖ
2143 1469 2399 1540 καλεῖνς

517 1569 647 1649 ejus
690 1568 896 1628 nescio
941 1585 1019 1627 an
1063 1568 1294 1629 animus
1335 1569 1725 1632 inclinaturus
1768 1569 1875 1644 sit,
1934 1576 2002 1631 ut
2043 1568 2281 1642 credat,
2337 1568 2505 1628 illum
2550 1567 2731 1627 etiam

517 1671 596 1730 ab
641 1671 853 1749 Upupa
893 1671 1348 1750 pronuntiatum
1391 1691 1547 1733 esse.
1632 1671 1822 1744 Quin,
1870 1671 1923 1732 si
1965 1671 2151 1744 infra,
2194 1671 2298 1731 Vs.
2324 1668 2463 1743 267,
2517 1669 2729 1730 Phoe-

517 1770 893 1851 nicopterum
936 1771 1414 1850 deprehenderit
1453 1778 1807 1833 vocantem:
2369 1762 2373 1765 ’

1008 1871 1261 1950 τοροτὶξ
1309 1872 1597 1952 τοροτίξ,

517 1970 792 2032 fortassis
823 1970 984 2032 hanc
1018 1970 1378 2032 sententiam
1410 1971 1806 2033 certissimam
1837 1990 1973 2032 esse
2007 1968 2413 2040 affirmaturus
2444 1971 2537 2033 sit.
2611 1969 2734 2030 Sed

520 2072 783 2134 elucebit
837 2090 913 2131 ex
965 2070 1069 2145 iis,
1130 2088 1286 2149 quae
1336 2071 1544 2150 paullo
1596 2071 1757 2133 infra
1807 2070 2275 2151 disputabimuS,
2330 2070 2495 2132 hunc
2533 2071 2733 2131 locum

517 2181 751 2233 tantum
793 2159 1011 2231 abesse
1055 2179 1121 2233 ut
1160 2170 1325 2231 illam
1366 2171 1575 2231 fulciat
1615 2171 1973 2232 sententiam
1990 2217 2006 2245 ,
2066 2179 2132 2231 ut
2172 2171 2347 2230 alteri
2388 2170 2732 2231 firmissimo

518 2274 595 2331 sit
647 2271 979 2351 praesidio.
1075 2270 1231 2330 Illud
1284 2277 1488 2330 autem
1543 2273 2432 2336 ἔποποποποποποποποποῑ
2478 2279 2735 2351 apparet

517 2373 789 2454 potuisse
834 2379 896 2431 et
934 2371 1082 2431 tibia
1115 2370 1396 2450 exprimi,
1443 2378 1505 2430 et
1537 2376 1676 2450 apte
1713 2369 1896 2430 tribui
1930 2369 2112 2431 etiam
2148 2368 2466 2444 lusciniae,
2510 2371 2734 2452 quippe

516 2478 769 2554 Upupae
835 2472 1046 2548 uxori;
1124 2473 1256 2532 vice
1320 2491 1499 2532 versa
1564 2472 1725 2532 infra
1787 2472 2043 2532 alteram
2104 2489 2369 2551 upupam
2427 2473 2734 2532 tibicinem

520 2595 977 2657 cognoscemus.
1074 2574 1212 2634 Non
1267 2573 1479 2633 dubito
1536 2573 1845 2652 equidem,
1907 2574 2051 2653 quin
2095 2593 2306 2635 omnes
2347 2575 2490 2635 illae
2533 2575 2734 2635 avium

519 2696 704 2739 voces
748 2694 785 2736 a
824 2674 1075 2735 luscinia
1116 2674 1253 2734 sola
1291 2673 1442 2734 tibia
1484 2689 1809 2753 expressae
1852 2674 1988 2735 sint.
2075 2673 2213 2747 Quo
2249 2691 2538 2735 concesso
2573 2674 2731 2734 ultro

522 2777 871 2859 apparebit,
933 2793 1117 2854 quam
1159 2783 1300 2855 apte
1342 2776 1491 2838 tibia
1531 2785 1656 2836 tam
1699 2783 1840 2836 ante
1882 2775 2080 2855 ipsum
2121 2782 2395 2835 nostrum
2437 2773 2732 2835 canticum

518 2888 725 2953 sonet,
783 2895 962 2957 quam
1004 2877 1164 2936 inter
1205 2877 1597 2950 cantandum,
1652 2894 1834 2955 quam
1877 2882 2056 2936 cantu
2096 2873 2287 2935 finito.
2382 2875 2452 2933 In
2495 2875 2733 2935 duobus

522 2989 727 3041 autem
766 2978 880 3037 illis
925 2977 1314 3050 carminibuS,
1361 2995 1518 3056 quae
1562 2977 1722 3038 infra
1763 2983 1930 3049 sunt,
1979 2983 2104 3036 tam
2145 2976 2302 3036 miro
2346 2977 2533 3060 modo
2580 2994 2734 3037 can—

521 3089 616 3142 tus
660 3077 1113 3155 interrumpitur
1153 3076 1268 3136 illis
1313 3078 1513 3137 avium
1553 3080 1836 3151 vocibuS,
1883 3084 1949 3137 ut
1988 3077 2088 3138 vel
2131 3077 2213 3138 ob
2256 3077 2416 3138 hanc
2458 3096 2734 3139 caussam

519 3184 621 3243 vix
665 3187 871 3259 aptum
913 3178 1019 3250 sit,
1065 3177 1143 3236 ab
1185 3176 1287 3249 iis,
1333 3179 1435 3255 qui
1480 3185 1727 3250 canunt,
1783 3177 1958 3236 simul
2000 3178 2417 3255 pronuntiatas
2462 3179 2732 3239 credere.

519 3283 769 3346 Accedit
810 3281 890 3341 ad
930 3281 1089 3341 hanc
1130 3299 1291 3353 rem,
1351 3279 1520 3359 quod
1559 3279 1751 3340 verba

744 3379 1016 3448 πάντων
1063 3378 1349 3463 ξύννομε
1398 3380 1529 3443 τῶν
1581 3378 1755 3461 ἐμῶν

737 3478 969 3565 ὕμνων
1023 3474 1320 3563 ξύντροφ’
1374 3476 1567 3564 αἠδοῖ

523 3590 583 3646 et

744 3683 982 3747 Μοῦσα
1043 3683 1359 3769 λοχμαία,

743 3783 1045 3863 ποικίλη,
1098 3781 1259 3862 μεθ’
1304 3772 1386 3863 ἧς
1437 3789 1557 3866 ἔγω

742 3878 1023 3949 νάπαισι
1076 3883 1183 3947 καὶ
1234 3897 1546 3965 κορυφαῖς
1597 3887 1667 3948 ἐν
1717 3879 1988 3965 ὀρείαις,

750 3984 1050 4070 ἱζόμενος
1097 3984 1332 4068 μελίας
1389 3984 1496 4049 ἐπὶ
1552 3982 1996 4070 φυλλοκόμου,

743 4083 823 4153 δι’
877 4086 1039 4168 ἐμῆς
1085 4077 1320 4168 γενύος
1375 4083 1641 4168 ξουθῆς»
1672 4085 1921 4165 μελέων

747 4188 923 4254 Πανὶ
980 4183 1228 4267 νόμους
1283 4179 1504 4269 ἱερούς
1561 4180 1938 4269 ἀναφαίνω,

525 4310 742 4390 quibus
775 4311 1114 4390 appellatur
1149 4328 1186 4369 a
1219 4311 1412 4372 choro
1444 4311 1645 4373 avium
1679 4308 1932 4372 luscinia
1962 4310 2064 4369 Vs·
2088 4308 2212 4371 678
2235 4328 2324 4388 sq.
2355 4316 2415 4369 et
2447 4309 2565 4371 737
2587 4327 2735 4390 sqq„
