3022 4934
1104 313 1182 324 —
1277 279 1570 341 105-

183 450 322 528 ipsa
387 466 573 515 scena
630 452 926 524 apparet,
973 446 1104 526 jam
1146 451 1328 509 antea
1359 438 1659 511 'notitiam
1720 446 2017 514 habuisse
2075 449 2435 511 Pisthetae-

155 569 358 626 rum,
398 568 516 630 per
556 565 627 607 se
663 545 896 632 clarum
940 552 1054 607 est.
1136 547 1216 608 Et
1241 551 1464 625 potest
1501 545 1604 609 bic
1643 547 1762 610 sibi
1807 566 1946 609 eam
1990 548 2142 610 satis
2183 551 2431 630 proba-

181 647 715 712 bilitervide'rieo
742 654 1025 729 tempore
1048 665 1461 730 comparasse,
1502 658 1625 731 per‘
1650 651 1821 732 quod
1844 671 1971 713 non
1998 652 2179 714 estin
2214 670 2431 729 scena;

183 751 331 832 quin
375 747 630 811 omnino
674 747 971 812 credibile
1012 755 1136 825 est,
1182 752 1385 829 ipsum
1426 770 1696 833 pompae
1742 752 2062 814 ducendae
2104 760 2424 817 auctorem

182 850 579 932 cogitandum
604 870 763 912 esse.
849 850 1027 924 Quae
1059 871 1206 921 num
1238 871 1317 913 ex
1345 850 1627 932 pluribus
1647 870 1831 933 quam
1864 853 2168 916 extribus
2195 874 2429 934 perso-

179 951 276 1012 nis
311 952 673 1026 constiterit,
719 960 842 1011 una
874 969 969 1026 ea,
1004 970 1180 1032 quae
1208 954 1598 1016 sacerdotem
1642 954 1854 1034 egerit,
1901 954 2097 1015 altera
2126 972 2222 1029 ea,
2265 974 2427 1034 quae

180 1051 524 1126 camillum,
566 1051 751 1112 tertia
794 1070 903 1126 ea,
948 1061 1110 1131 quae
1151 1054 1494 1126 tibicinem,
1550 1072 1737 1131 quam
1780 1073 2033 1115 corvum
2076 1054 2265 1115 fuisse
2308 1073 2432 1112 ex-

176 1150 412 1227 pressis
449 1150 652 1210 verbis
693 1151 831 1227 ipse
873 1150 1126 1211 tradidit
1164 1157 1385 1230 poeta,
1453 1151 1739 1212 dubitare
1795 1149 1960 1212 licet.
2070 1150 2249 1214 Certe
2292 1171 2431 1212 eam

176 1253 517 1314 admodum
559 1252 779 1314 exilem
843 1252 1035 1313 fuisse
1095 1271 1298 1332 neque
1362 1253 1572 1333 plures
1626 1251 1741 1330 iis,
1801 1271 1962 1333 quae
2008 1254 2259 1328 omnino
2305 1271 2429 1313 ne-

176 1351 488 1412 cessariae
531 1357 775 1425 essent,
824 1369 1136 1430 personas
1180 1351 1503 1427 adfuisse,
1545 1353 1644 1414 vel
1687 1370 1764 1414 ex
1807 1353 1884 1414 iis
1930 1353 2157 1434 conjici
2197 1357 2426 1431 potest,

175 1455 337 1529 quae
400 1451 507 1513 dev
547 1452 847 1514 exilitate
884 1452 1169 1519 victimae
1221 1452 1440 1530 'posita
1499 1459 1645 1513 sunt
1703 1453 1813 1511 vs.
1845 1454 1984 1515 890
2010 1471 2147 1529 sqq,
2176 1490 2180 1495 »
2214 1457 2279 1511 et
2317 1453 2427 1514 Vs·

173 1551 302 1612 899
342 1570 514 1631 sqq.;
553 1554 777 1632 porro,
839 1570 981 1612 non.
1030 1569 1188 1630 opus
1260 1569 1398 1616 esse
1460 1555 1838 1630 ut-propter
1887 1551 1992 1612 Vs·
2025 1551 2163 1612 850·
2214 1550 2424 1630 plures

173 1669 300 1711 uno
345 1651 628 1711 camillos
667 1658 921 1730 praesto
967 1649 1160 1710 fuisse
1201 1649 1571 1710 arbitremur
1611 1650 1939 1711 luculente·
1974 1648 2293 1711 docebunt
2333 1667 2429 1722 ea,

173 1769 333 1830 quae
394 1751 743 1811 Lobeckius
796 1751 1127 1813 >adnotavit
1177 1751 1260 1812 ad
1306 1751 1504 1831 Soph.
1543 1752 1732 1834 Ajac,
1773 1753 1879 1820 Vs.
1921 1751 2072 1812 344.
2112 1783 2199 1805 -.·-
2259 1752 2424 1813 Aves

172 1852 365 1929 etiam·
397 1850 786 1911 sacerdotem
831 1858 1019 1930 atque
1063 1850 1374 1912 camillum
1418 1850 1632 1910 fuissev
1670 1851 1782 1912 vel·
1831 1851 1978 1911 iude
2020 1852 2198 1928 sequi
2237 1852 2427 1912 vide-

169 1954 297 2027 tun,
342 1951 515 2031 quod
554 1950 869 2012 tibicinem
913 1964 1110 2026 avem·
1133 1949 1329 2026 fuisse
1372 1947 1543 2011 certo
1583 1951 1836 2010 scimus.
1918 1950 2050 2010 S'ed
2094 1949 2427 2027 quaeritur,

168 2057 371 2125 utrum
411 2050 704 2129 propriae
749 2054 894 2110 aves
945 2046 1334 2135 gogitandae-
1359 2046 1512 2122 siut,
1576 2065 1658 2107 an
1701 2066 1846 2110 aves
1908 2046 2169 2108 eaedem
2208 2047 2428 2109 homi-

167 2152 302 2210 nes.
387 2150 453 2211 Si
497 2148 634 2226 quis
677 2147 774 2220 sit,
819 2149 919 2207 cui
959 2147 1115 2207 illud
1158 2148 1377 2224 mirum
1419 2147 1701 2208 videatur
1742 2165 1818 2208 ea
1863 2148 1941 2208 de
1970 2165 2209 2224 caussa,
2253 2148 2424 2227 quod

169 2249 525 2327 aves}·ipsas
563 2247 725 2306 deos
771 2264 911 2307 esse
954 2246 1124 2325 apud
1163 2246 1331 2306 hunc
1372 2252 1631 2324 poetam
1672 2248 1910 2327 legerit,
1952 2249 2006 2309 is
2053 2248 2241 2311 velim
2278 2268 2423 2307 me-

166 2348 430 2423 minerit,
476 2347 731 2407 Graecis
774 2347 959 2407 etiam
1002 2347 1376 2407 Mercurium
1418 2346 1606 2408 deum
1647 2346 1839 2406 fuisse
1885 2348 2270 2425 eundemqae
2309 2365 2422 2405 sa-

168 2443 486 2528 cerdotem
507 2454 569 2507 ct
591 2445 921 2508 camillum.
962 2447 1101 2507 Hoc
1123 2444 1385 2506 alterum
1409 2442 1796 2523 probabilius
1811 2444 2141 2519 videbitur,
2169 2446 2222 2505 si
2241 2444 2422 2505 etiam

166 2547 479 2612 tibicinem
511 2546 993 2618 fuissehcorvum
1030 2546 1292 2605 eundem
1344 2552 1529 2624 atque
1567 2545 1889 2607 hominem
1912 2546 2426 2611 demonstratum

166 2654 368 2728 fuerit,
392 2659 579 2731 atque
600 2648 975 2727 comparatis
999 2647 1228 2722 verbiS,
1248 2665 1410 2727 quae
1433 2652 1575 2707 sunt
1591 2648 1698 2708 Vs·
1724 2646 1888 2708 1058
1910 2666 2044 2724 sqq.
2067 2651 2131 2706 et
2148 2644 2424 2711 xta-903.

168 2780 247 2799 ‹—
272 2752 393 2812 Cur
422 2749 728 2810 Henricus‘
752 2748 1012 2808 Vossius
1034 2755 1097 2807 et
1128 2748 1511 2827 Droysenius
1541 2748 1876 2809 canistrum
1909 2753 2260 2824 portantem
2293 2748 2426 2807 vir-

168 2851 371 2931 ginem
413 2850 621 2928 potius
666 2865 850 2926 quam
894 2866 1154 2926 puerum
1196 2847 1569 2923 habuerint,
1625 2866 1754 2907 non
1812 2855 2062 2925 exputo.
2162 2847 2425 2906 Accedit

169 2950 373 3029 quod,
443 2955 510 3008 ut
543 2932 846 3027 'virginem
907 2946 1120 3033 fuisse·
1163 2944 1421 3005 credere
1478 2965 1844 3026 possemuS,
1910 2950 2070 3027 opus
2132 2956 2300 3009 esset
2341 2949 2424 3008 ad

155 3051 355 3112 >verba
398 3047 450 3115 ὅ
474 3043 554 3114 iro*
599 3048 848 3113 κανοῦν
891 3050 1080 3132 ἔχων,
1124 3043 1285 3125 quae
1327 3051 1470 3106 sunt
1511 3046 1619 3106 Vs.
1657 3046 1803 3120 863,
1848 3057 2054 3110 mente
2097 3049 2425 3130 supplere:

168 3147 374 3232 ὅρνις,
429 3149 494 3209 id
538 3147 709 3228 quod
760 3146 920 3207 >mibi
961 3146 1215 3225 quidem
1269 3146 1486 3226 paullo
1532 3147 1743 3208 durius
1784 3148 2051 3211 videtur.
2094 3187 2175 3197 —-
2241 3152 2426 3224 Qua-

165 3249 448 3311 rumnam
488 3249 693 3310 avium
734 3264 1070 3325 personam
1111 3245 1425 3309 induerint
1463 3250 1758 3309 sacerdos
1804 3255 1868 3332 et
1910 3248 2207 3325 camilluS,
2250 3250 2422 3329 diffi-

173 3350 290 3411 cile
334 3357 427 3411 est
464 3350 650 3410 dictu.
717 3348 920 3419 Quum
952 3354 1211 3423 constet,
1253 3349 1565 3409 Mercurio
1600 3340 1949 3410 exavibus‘
1979 3367 2196 3411 sacros
2229 3350 2423 3411 fuisse

165 3448 464 3529 imprimis
510 3447 739 3528 gallum
783 3441 1193 3528 gallinaceum
1235 3455 1300 3511 et
1364 3446 1584 3524 larum,
1632 3447 1859 3511 existat
1917 3449 2133 3518 forsan
2176 3449 2420 3530 aliquiS,

168 3551 273 3630 qui
316 3551 395 3610 de
437 3549 535 3610 bis
581 3549 796 3612 avibus
863 3548 1258 3629 cogitandum
1317 3567 1457 3611 esse
1498 3548 1830 3629 probabile
1895 3550 2101 3614 ducat.
2123 3572 2143 3587 ὑ
2186 3552 2315 3613 Sed
2355 3551 2424 3613 in

165 3652 289 3712 hac
329 3668 551 3712 caussa
591 3649 824 3710 incerta
865 3656 1007 3709 sunt
1050 3651 1280 3711 omnia.
1367 3644 1597 3714 Contra
1659 3670 1845 3730 quum
1890 3656 2125 3710 certum
2170 3651 2423 3731 quidem

167 3752 278 3823 sit,
323 3771 579 3813 corvum
623 3747 931 3810 tibicinem
958 3746 1198 3824 fuisse,
1257 3758 1465 3814 tamen
1524 3772 1754 3833 neque
1785 3771 1825 3812 a
1867 3759 2061 3853 poeta
2102 3750 2422 3831 significa-

165 3842 292 3911 tum
338 3859 455 3912 est
476 3851 783 3931 expressis
827 3848 1053 3924 verbiS,
1079 3869 1300 3930 neque
1339 3872 1494 3916 vero
1527 3856 1691 3916 ultro
1729 3863 2007 3938 apparet,
2051 3855 2156 3933 qui
2192 3848 2423 3916 factum

165 3949 272 4022 sit,
316 3955 384 4009 ut
422 3951 571 4012 huic
610 3948 1003 4063 potissimum·
1036 3951 1137 4011 avi
1179 3954 1498 4033 negotium
1538 3956 1706 4017 tibiis
1751 3955 2012 4016 canendi
2081 3954 2162 4015 sit
2220 3956 2425 4017 tribu-

164 4038 313 4110 tum.
396 4048 556 4109 Num
598 4050 942 4133 igiturhoc
982 4048 1054 4108 in*
1093 4067 1315 4113 caussa
1359 4064 1510 4131 erat,
1562 4058 1732 4135 quod
1787 4068 2009 4117 corvus
2056 4057 2140 4117 ob
2181 4072 2425 4131 vocem,

123 4151 552 4249 ‘quamfe‘din
610 4147 791 4233 aptus
855 4152 1163 4249 videretur
1219 4156 1301 4215 ad
1375 4157 1660 4222 ’Μοῦσαν
1700 4146 2150 4241 βαρύβρομοι)
2196 4150 2430 4224 ἀὐλῶν

165 4250 342 4332 (Nub.
377 4256 484 4316 Vs.
511 4251 671 4337 313)¹
696 4254 1153 4317 exhibendam?
1237 4256 1463 4319 Notum
1495 4264 1590 4319 est
1633 4264 1856 4334 autem,
1893 4254 2200 4338 imprimis
2222 4258 2426 4319 'tibia-
