3022 4934
1419 282 1840 342 ...52—

506 449 870 509 citharistas.
952 449 1073 508 Pro
1136 447 1357 507 eadem
1414 449 1720 510 sententia
1761 448 1919 508 baec
1950 448 2226 515 «faciunt,
2266 457 2548 508 accurate
2594 471 2750 529 per.-

504 563 725 625 pensa,
782 546 868 604 ita
911 547 1194 624 quidem,
1261 556 1328 607 ut
1370 549 1552 610 simul
1598 567 1811 609 omnes
1851 550 2120 630 scrupuli
2154 550 2539 619 adimantur,
2597 566 2751 624 quos

504 661 761 706 movere
805 646 940 724 quis
983 648 1198 725 possit·
1241 651 1607 727 propterea,
1684 647 1853 726 quod
1912 648 2201 711 tibiarum
2266 647 2531 721 similem·
2569 664 2750 705 men-

506 744 751 804 tionem·
795 744 1028 805 nullam
1078 747 1348 807 omnino
1405 746 1685 807 videmus
1744 747 2027 807 factam.'
2081 749 2243 820 Quid
2304 748 2506 807 enim?
2594 746 2749 805 Num

497 841 681 905 'tibias
760 842 888 905 non
949 849 1193 908 venisse
1223 871 1228 878 ·
1256 847 1319 907 in
1384 849 1785 926 conspectum
1825 848 2186 914 credibile·
2222 851 2358 906 est?
2420 847 2551 907 *fii
2616 844 2748 923 quis

502 965 719 1006 eorum
763 949 1138 1021 meminerit,
1207 966 1369 1029 quae
1434 965 1623 1027 supra
1668 948 1746 1007 de
1791 955 2000 1009 rostro
2043 948 2340 1024 lusciniae
2382 946 2751 1009 duobus-.iex

501 1048 767 1108 verubus
812 1059 1131 1111 constante
1155 1059 1315 1111 sunt
1357 1050 1618 1122 monita,
1655 1048 1713 1108 ‘is
1759 1047 1968 1121 facile,
2034 1049 2293 1127 opinor,
2352 1064 2389 1107 a
2431 1066 2498 1124 se
2543 1047 2750 1124 impe-

502 1145 721 1218 trabit,
783 1157 850 1208 ut
892 1150 1134 1223 credat,
1202 1150 1386 1210 etiam
1429 1150 1611 1208 trium
1641 1147 1879 1208 horum
1939 1149 2120 1209 chori
2161 1149 2472 1208 tibicinum
2516 1162 2750 1225 organa

502 1248 736 1306 musica
788 1250 992 1310 fuisse·
1047 1252 1210 1309 loco
1251 1257 1626 1309 rostrormn.-
1726 1250 1824 1307 Ad
1873 1268 2064 1326 quam
2106 1270 2238 1310 rem
2295 1248 2543 1330 egregie
2584 1265 2750 1326 qua-

487 1328 664 1416 drat,
725 1347 897 1423 quod
959 1357 1082 1408 tam
1128 1365 1204 1406 ex
1256 1345 1854 1423 certisqmbusdam
1899 1347 2289 1419 testimoniis,
2343 1348 2460 1408 cfr.
2503 1348 2622 1409 Vst:
2650 1345 2750 1417 62,

495 1442 596 1514 99,
642 1441 786 1515 308,
833 1443 1141 1522 quam-ex
1185 1463 1262 1504 eo
1287 1491 1302 1516 ,
1348 1443 1520 1523 qnod
1548 1443 1634 1516 .ii·‚
1681 1443 1785 1521 qui
1825 1443 2327 1522 loquunturvel:
2350 1455 2591 1517 canunt,
2640 1465 2750 1505 ore

498 1552 716 1621 aperto
786 1562 942 1622 opus
978 1546 1296 1618 *habenas
1345 1545 1672 1624 probabile
1734 1543 1836 1616 fit,
1876 1569 1879 1572 ·
1915 1563 2103 1604 aves
2140 1546 2221 1603 ad
2288 1552 2468 1604 unam
2532 1564 2746 1603 omnes

496 1644 713 1708 rostris
758 1643 1086 1721 praeditas·
1116 1645 1306 1704 fuisse
1353 1645 1602 1723 apertis·
1690 1643 1876 1715 Quod
1936 1645 2251 1721 quum-ata
2290 1652 2458 1704 esset
2499 1643 2749 1704 institu-

504 1749 664 1813 tum,
727 1745 949 1802 mirum
987 1744 1241 1815 fuisset,
1303 1745 1354 1803 si
1397 1744 1568 1803 solus
1613 1742 1986 1820 gallinaceus
2009 1789 2024 1814 ‚
2071 1743 2383 1820 quamvis,
2437 1744 2749 1803 si--nostra

494 1840 799 1900 sententia
841 1837 994 1901 'vera
1057 1849 1169 1915 est,
1233 1847 1446 1922 utpote
1507 1840 1822 1901 citharista
1863 1842 2118 1919 proprie
2179 1861 2394 1901 carere
2447 1843 2749 1920 potuisset

498 1946 705 1999 rostro
767 1949 1021 2020 aperto,
1078 1943 1142 2000 id
1200 1943 1521 2001 habuisset
1583 1943 1875 2017 clausum.
1913 1976 1933 1994 ·,
1959 1944 2132 2004 Unde
2207 1945 2617 2016 factumest,
2685 1952 2750 2002 ut

499 2040 813 2114 tibiarum,
862 2043 983 2101 -ubi
1044 2042 1125 2101 de
1169 2044 1385 2103 avibus
1431 2043 1710 2102 tibicines
1778 2044 2097 2123 agentibus
2128 2064 2346 2104 sermo
2392 2052 2516 2116 est,
2583 2044 2747 2103 nulla

496 2142 573 2200 sit
615 2143 1141 2223 injecta-mentio,
1189 2152 1250 2204 et
1293 2144 1680 2214 vicevversa,
1729 2144 1957 2203 ubivde
2001 2143 2315 2205 citharista
2357 2145 2570 2223 agitur,
2617 2144 2745 2204 hu-

488 2242 589 2320 jus
653 2251 924 2303 rostrum
981 2262 1019 2303 a
1078 2243 1334 2321 reliquis
1396 2242 1710 2302 diversum
1766 2261 1934 2314 esse,
1970 2290 1974 2298 .
2005 2260 2132 2301 ιιοιι
2188 2244 2266 2305 sit
2318 2242 2746 2322 significatum.

496 2341 726 2401 Contra
783 2342 977 2420 gallus
1043 2342 1413 2419 gallinaceus
1473 2359 1683 2400 secum
1741 2340 1988 2399 ferebat
2042 2341 2353 2400 citharam
2394 2344 2499 2400 vel
2549 2343 2743 2421 lyram

494 2441 608 2519 ipsi
655 2441 757 2499 uni
800 2442 1149 2519 propriam.
1224 2444 1316 2500 Ea
1368 2441 1553 2520 igitur
1605 2441 1757 2517 quin
1796 2440 2181 2499 Pisthetaero
2248 2459 2459 2502 ansam
2509 2440 2748 2500 dederit

495 2541 870 2618 quaerendi.
932 2563 1034 2614 τις
1077 2537 1225 2606 ποτ’
1268 2536 1396 2607 e’f’o‘c
1438 2536 1472 2605 ὁ
1519 2537 1981 2622 μουσόμαντις
2022 2540 2225 2622 douc,
2268 2560 2471 2621 neque
2514 2560 2744 2646 secun-

497 2640 641 2701 dum
683 2640 845 2702 hanc
887 2642 1422 2703 ratiocinationem
1461 2640 1671 2702 licebit
1716 2639 2027 2702 dubitare.-

500 2805 861 2853 Continuatur
897 2805 1305 2854 demonstratio.
1383 2790 1666 2866 Probatur,
1704 2809 2180 2876 phoenicopterum
2207 2809 2465 2857 cecinisse
2500 2807 2560 2858 τι)
2585 2815 2739 2873 ἐμβα-

495 2887 673 2965 τήριον
712 2899 766 2941 et
801 2888 924 2948 τούς
961 2894 1183 2948 ἓξοδίους
1219 2889 1419 2950 νόμους.
1490 2895 1683 2959 Agitur
1720 2898 1785 2944 de
1840 2896 2015 2962 patria
2051 2901 2302 2961 quattuor
2359 2896 2531 2944 avium
2584 2903 2741 2948 inusi-

497 2996 588 3028 cos
626 2981 896 3045 agentium
936 2979 1108 3047 deque
1146 2980 1348 3028 caussis
1387 2996 1484 3049 cur
1520 2981 1649 3048 illae
1687 2982 1835 3048 ipsae
1870 2984 2162 3049 productae
2198 2983 2324 3031 sint.
2405 2977 2741 3033 Demonstra-

497 3071 607 3122 tur,
645 3065 846 3128 gallum
879 3067 1235 3128 gallinaceum
1270 3048 1384 3129 lyra
1417 3058 1566 3116 usum
1608 3082 1741 3116 esse.
1818 3067 2141 3117 Tractantur
2178 3064 2387 3150 aliquot
2422 3070 2578 3118 artis
2581 3086 2742 3137 opera

497 3151 700 3217 gallum
749 3150 1106 3216 gallinaceum
1157 3151 1416 3198 musicum
1454 3156 1930 3216 repraesentantia.
2006 3155 2195 3218 Agitur
2240 3155 2305 3203 de
2363 3156 2583 3214 ordine,
2637 3176 2742 3223 quo
2788 3182 2790 3184 ’

496 3238 768 3305 prodeunt
806 3250 963 3295 aves,
984 3235 1190 3302 deque
1236 3235 1380 3283 varin
1421 3250 1600 3283 eorum
1657 3242 1829 3288 aetate
1879 3243 2039 3302 atque
2076 3238 2488 3293 calceamento..
2531 3242 2742 3295 verosi·

896 3323 1021 3372 mile
1056 3321 1645 3387 redditur,‡-t1b1cinea
1662 3335 1789 3390 {jam
1826 3322 2051 3374 scabilla
2086 3329 2342 3389 gestasse.
2427 3369 2430 3372 .

666 3426 819 3486 Cum.
859 3428 963 3500 iis,
1010 3446 1169 3506 quae
1212 3427 1400 3485 modo
1443 3427 1764 3487 effecimus
1811 3427 2204 3507 disputando,
2250 3426 2530 3507 apprime
2584 3450 2744 3489 con-

496 3531 691 3603 venit,
748 3531 918 3609 quod
976 3548 1195 3588 sonum
1257 3530 1517 3589 similem
1577 3532 1649 3590 iis
1685 3532 1995 3602 .vocibuS,
2068 3548 2221 3608 quas
2289 3530 2744 3608 editphoeni—

495 3638 780 3708 copterus
825 3631 928 3690 vs.
971 3629 1125 3702 267,
1189 3629 1375 3690 tibiae
1416 3636 1665 3690 cantum
1708 3630 1946 3690 referre
2006 3627 2572 3701 Vss22600t1262,
2610 3630 2741 3710 jam

494 3750 682 3808 supra
727 3732 1097 3812 conjecimus
1144 3731 1223 3789 de
1267 3731 1522 3789 luscinia
1565 3731 1969 3791 disserentes·.·
2008 3798 2012 3805 ..
2048 3731 2174 3791 S'ed
2215 3729 2509 3788 differunt
2541 3737 2745 3789 tamen

492 3831 612 3890 hae
658 3830 956 3891 lusciniae
1017 3840 1077 3890 et
1140 3832 1628 3913 phoenicopteri·
1676 3853 1858 3894 voces
1926 3833 2329 3915 aliquatenus,
2454 3829 2744 3903 Qui-eaS,

492 3951 644 4013 quas
691 3935 792 3995 hic
856 3933 1106 4005 emittit,
1173 3933 1662 3995 consideraverit
1718 3939 2095 4008 accuratiuS,
2163 3935 2325 3994 duos
2370 3937 2744 4009 anapaestos

493 4036 737 4096 efficere
797 4034 1086 4113 reperiet.
1186 4035 1348 4095 Ecce
1424 4036 1531 4095 tibi
1598 4054 1728 4096 rem
1787 4044 2002 4098 notatu
2071 4033 2403 4094 admodum
2452 4030 2739 4113 dignam!

495 4136 702 4213 Neque
749 4138 917 4198 enim
962 4137 1213 4199 dubium
1262 4137 1523 4210 videtur,
1570 4140 1715 4217 quin
1759 4138 1892 4199 illis·
1924 4136 2180 4197 vocibus
2226 4132 2615 4201 contineatur
2658 4131 2740 4205 id,

492 4237 659 4311 quod
706 4240 939 4299 Graeca
1001 4241 1204 4320 lingua
1265 4240 1695 4319 appellabatur
1753 4237 1831 4304 τὸ
1867 4229 2322 4318 ἐμβατήριοι),
2408 4235 2573 4311 Ergo
2617 4233 2739 4292 hoc
