3022 4934
1475 299 1937 360 -106—

562 490 700 534 rum
761 466 1050 551 graviore
1108 464 1346 527 bombo
1390 467 1745 530 sonantium
1809 485 1987 530 usum
2030 466 2222 530 fuisse
2283 464 2350 530 in
2413 465 2610 533 rebus
2641 466 2822 531 seriis

560 576 749 651 atque
792 567 988 631 sacris
1051 567 1160 629 cfr.
1189 560 1531 647 Boettigeri
1567 568 1773 650 script.
1815 568 1962 630 min.
2005 567 2150 633 Vol.
2162 568 2243 631 11.
2282 571 2346 650 p.
2374 568 2519 631 282.
2556 567 2708 629 adn.
2735 567 2823 649 †)‚

559 689 724 753 quae
769 665 911 744 res,
976 674 1046 729 ut
1100 667 1311 749 paullo
1370 666 1532 729 infra
1574 669 1925 750 apparebit,
1984 670 2150 732 bene
2210 669 2497 751 congruit
2526 670 2676 732 >cum
2721 684 2823 743 eo,

561 773 736 853 quod
758 770 1031 833 Acharn.
1073 770 1180 830 Vs.
1205 767 1332 829 866
1369 767 1764 846 appellantur
1789 769 2117 850 Χαιριδῆς
2149 766 2593 851 βομβαύλιοι,
2634 771 2824 846 atque

560 890 640 933 eo
687 856 873 948 ducit,
915 880 986 933 ut
1027 888 1282 932 corvum
1323 866 1552 929 talibus
1579 869 1767 945 tibiis,
1812 869 2029 949 quales
2073 876 2271 944 erant,
2317 887 2479 948 quae
2518 874 2826 931 vocantur

561 974 822 1033 dextrae
863 990 1069 1051 pares,
1114 970 1303 1031 flasse
1348 969 1809 1045 existimemus,
1844 971 1925 1031 de
1969 989 2095 1050 quo
2137 970 2281 1031 vide
2339 967 2631 1030 Salmasii
2680 968 2823 1029 adn.

561 1073 646 1133 ad
684 1072 1023 1152 scriptores
1065 1072 1145 1131 H.
1186 1071 1258 1134 A.
1315 1089 1382 1150 p.
1415 1069 1540 1132 825
1575 1089 1711 1150 sqq.
1797 1070 1924 1131 Sed
1964 1070 2125 1137 haec
2167 1071 2349 1144 ratio,
2393 1075 2461 1130 ut
2488 1068 2631 1130 reri
2674 1068 2825 1148 quid

558 1173 744 1246 insit,
800 1178 1009 1233 tamen
1056 1171 1210 1232 -sola
1252 1189 1369 1249 per
1421 1189 1491 1231 se
1535 1171 1639 1233 vix
1679 1189 1754 1232 ac
1807 1190 1888 1232 ne
1928 1170 2033 1233 vix
2075 1167 2324 1251 quidem
2366 1168 2606 1231 sufficit.
2690 1165 2822 1229 lta-

559 1287 682 1349 que
723 1269 910 1329 etiam
953 1269 1117 1328 aliae
1161 1268 1749 1345 circumspiciendae
1790 1275 1951 1328 sunt.
2033 1269 2221 1347 Atqui
2256 1270 2362 1330 Vs.
2387 1269 2511 1331 857
2535 1288 2675 1348 sqq.
2718 1264 2826 1347 qui

557 1368 904 1429 accuratius
930 1367 1312 1447 inspexerit,
1354 1366 1657 1446 reperiet,
1700 1374 1954 1447 poetam
1995 1385 2249 1428 corvum
2291 1369 2458 1430 tibiis
2502 1376 2826 1430 canentem

555 1489 687 1531 non
745 1477 876 1530 tam
939 1486 1304 1549 comparare
1368 1488 1509 1529 cum
1564 1467 1871 1530 Chaeride
1891 1515 1909 1545 ,
1981 1485 2168 1548 quam
2207 1469 2415 1548 ipsum
2457 1468 2824 1534 Chaeridem

557 1569 898 1650 appellare.
985 1569 1232 1649 Quippe
1294 1569 1491 1630 verba
1557 1566 1834 1640 Πυθιοῖς
1895 1565 2032 1650 fico?
2076 1568 2157 1629 de
2200 1568 2393 1631 tibiae
2458 1575 2642 1631 cantu
2682 1576 2826 1631 sunt

555 1671 765 1749 posita
807 1668 1201 1749 (vocabulum
1240 1663 1377 1751 βοοὶ
1428 1669 1507 1730 de
1546 1667 1718 1730 tibiis
1774 1668 2139 1749 frequenter
2173 1668 2461 1749 usurpari
2502 1667 2827 1730 adnotavit

554 1771 924 1832 Leutschius
968 1770 1011 1831 l.
1046 1789 1205 1849 c..p.
1244 1767 1460 1852 1031);
1527 1768 1850 1849 sequentia
1907 1787 2059 1831 vero
2113 1769 2310 1829 verba
2340 1768 2436 1827 ad
2475 1768 2590 1828 illa>
2627 1786 2824 1830 accu-

555 1871 749 1932 ratius
795 1870 1165 1949 explicanda
1207 1868 1423 1930 addita
1483 1876 1656 1944 sunt,
1721 1869 1808 1929 ita
1850 1874 1925 1929 ut,
1976 1868 2162 1942 etiam
2217 1868 2454 1930 locutio
2500 1868 2824 1954 ουνᾳδέτςο

557 1963 734 2035 &dciv
776 1970 932 2032 nihil
971 1970 1092 2030 nisi
1133 1970 1324 2030 tibiae
1363 1976 1607 2030 cantum
1640 1967 1962 2048 significet,
2007 1989 2168 2050 quae
2201 1989 2305 2031 res
2338 1989 2415 2032 eo
2463 1977 2559 2031 est
2595 1971 2821 2050 aptior,

557 2069 730 2146 quod
771 2070 964 2129 tibiae
1010 2075 1257 2128 cantum
1302 2068 1569 2128 eundem
1593 2086 1752 2129 esse
1795 2076 1976 2130 cantu
2011 2134 2018 2146 „
2085 2069 2258 2131 corvi
2304 2067 2575 2151 fingitur.
2654 2072 2821 2152 Ergo

556 2168 656 2227 vel
683 2188 801 2247 per
827 2188 898 2229 se
930 2168 1260 2249 probabile
1292 2175 1405 2242 est,
1447 2167 1593 2227 hinc
1643 2090 2167 2247 proficiscendum
2203 2186 2341 2228 esse
2369 2172 2446 2229 -in
2491 2170 2827 2248 quaestio-

554 2286 637 2327 ne
679 2268 1002 2330 solvenda.
1086 2269 1183 2329 De
1218 2266 1526 2328 Chaeride
1546 2266 1760 2328 schol.
1795 2268 1878 2329 ad
1915 2268 2084 2330 hunc
2122 2269 2330 2329 locum
2358 2267 2519 2329 haec
2552 2268 2826 2350 scripsit:

554 2360 646 2447 ἤν
690 2366 760 2432 δὲ
799 2361 836 2432 ὅ
895 2370 1128 2449 Χαῖρις
1184 2357 1384 2437 οὗτος
1427 2360 1793 2450 κιθαρῳδός
1847 2364 2097 2454 ψυχρὸς
2154 2370 2258 2434 καὶ
2299 2369 2575 2453 γέγονεν
2617 2365 2827 2454 αὐλη-

554 2459 697 2550 τής.
790 2460 1232 2549 Μνημονεύει
1296 2465 1366 2530 δὲ’
1429 2458 1641 2532 αὐτοῦ
1685 2466 1815 2530 {Ina}
1889 2464 2297 2551 Φερεκράτης
2376 2475 2449 2535 ἐν
2505 2463 2826 2557 Ἀγρίοις,

554 2568 775 2648 fragm.
816 2567 900 2628 lv
943 2566 1116 2646 apud·
1153 2560 1621 2637 Meinekium-l.
1666 2584 1719 2625 c.
1761 2566 1903 2626 Vol.
1945 2567 2017 2625 11.
2059 2568 2122 2626 Ρ.
2162 2568 2210 2627 1.
2265 2585 2329 2646 p.
2367 2567 2525 2629 257:

732 2663 878 2746 Φέρ’
923 2667 1073 2741 ἴδω,
1114 2659 1484 2748 κιθαρῳδὸς
1524 2664 1626 2737 τίς
1670 2659 1976 2738 κάκιστος
2026 2666 2323 2748 sysaram:

723 2764 816 2829 B.
854 2758 948 2828 ‘O
988 2762 1266 2829 Πεισίου
1311 2764 1557 2843 Μέλης.
1639 2764 1729 2829 A.
1778 2760 1969 2829 Μετὰ
2028 2761 2151 2831 τὸν
2194 2767 2470 2851 Μέλητα
2513 2758 2569 2832 δ’
2612 2758 2699 2851 ἦν
2744 2801 2826 2821 -v

722 2863 813 2928 B.
846 2855 1000 2946 'Ex’
1040 2855 1293 2944 ἀτρέμ’,
1348 2851 1575 2946 ἐγῷδα·
1644 2862 1910 2946 Χαῖρις.

540 2962 746 3030 ”Εστι
788 2962 898 3028 καὶ
936 2969 1179 3047 ἔτερος,
1221 2952 1304 3029 οὗ
1343 2957 1759 3048 μνημονεύει
1796 2962 2126 3048 Κρατῖνος
2165 2971 2238 3033 ἐν
2280 2968 2598 3052 Νεμέσει.
2662 2970 2827 3044 Qui-

555 3066 674 3125 bus
717 3063 924 3126 verbis
968 3082 1116 3124 usus
1162 3070 1256 3125 est
1290 3065 1518 3127 Suidas
1562 3087 1612 3127 s.
1638 3086 1696 3128 v.
1741 3070 1997 3151 Χαῖρις.
2082 3069 2178 3131 De
2217 3069 2332 3131 illo
2376 3071 2646 3134 homine.
2676 3089 2828 3131 sae-

553 3163 695 3241 pius
759 3163 950 3225 etiam.
1004 3165 1173 3244 apud
1230 3165 1716 3245 Aristophanem
1778 3187 1984 3229 sermo
2031 3179 2144 3232 est.
2225 3172 2495 3235 Primum
2559 3172 2826 3237 Acharn.

554 3264 660 3323 VS.
711 3263 815 3324 16:
894 3278 898 3282 ·
1578 3282 1582 3287 ·
1639 3276 1649 3326 J
2453 3275 2457 3280 “

737 3363 948 3445 Τῆτες
990 3353 1046 3428 δ’
1089 3357 1447 3433 ἀπέθανον
1492 3366 1598 3435 καὶ
1642 3362 2044 3451 διεστράφην
2085 3365 2264 3442 ἰδών,

728 3456 842 3529 ὅτε
882 3455 964 3542 δὴ
1007 3466 1345 3547 παρέκυψε
1396 3468 1634 3549 Χαῖρις
1670 3465 1779 3531 ἐπὶ
1822 3460 1946 3532 τὸν
1989 3461 2252 3550 ὄρθιον,
2379 3484 2381 3487 ’
2715 3551 2718 3554 ἢ
2813 3522 2818 3536 J

557 3564 641 3625 ad
683 3564 1124 3643 quemlocum
1164 3565 1324 3627 haec
1368 3567 1693 3630 adnotavit
1732 3566 2135 3629 scholiastes:
2205 3559 2241 3630 ὅ
2289 3565 2359 3630 δὲ
2416 3570 2651 3651 Χαῖρις
2698 3560 2828 3638 οὖ-

557 3685 673 3734 τος
744 3658 1108 3750 κιθαρῳδὸς
1166 3668 1275 3732 καὶ
1355 3663 1641 3754 αὐλῳδὸς
1699 3667 1990 3749 φαῦλος,
2073 3667 2297 3749 quibus
2363 3668 2571 3726 verbis
2612 3677 2708 3734 ,ut
2762 3671 2827 3730 in

557 3771 913 3829 transcursu
953 3785 1278 3845 moneam,
1336 3769 1728 3850 redarguitur
1768 3770 2090 3832 sententia>
2117 3768 2447 3844 Meinekii,
2509 3768 2575 3827 in
2615 3769 2826 3848 priore

556 3864 804 3927 scholio
849 3864 1248 3929 scribendum
1292 3886 1431 3930 esse
1475 3869 1819 3929 censentis:
1878 3858 1968 3947 ἦν
2008 3866 2077 3932 δὲ
2117 3861 2157 3932 o‘
2203 3869 2439 3950 Χαῖρις
2480 3858 2829 3940 οὗτοςειιι-

554 3960 883 4051 θαρῳδὸς.
968 3966 1106 4032 Καὶ
1148 3967 1423 4051 γέγονεν
1468 3964 1794 4052 αὐλητής,
1841 3986 2004 4050 quae
2039 3968 2352 4030 sententia
2411 3966 2514 4028 vel
2557 3986 2696 4035 eam
2739 3969 2824 4035 ob

559 4084 845 4129 caussam
884 4068 1099 4147 nequit
1139 4087 1287 4130 vera
1320 4087 1503 4144 esse,
1577 4068 1750 4149 quod
1809 4087 1847 4129 a
1908 4076 2120 4156 vetere
2152 4069 2513 4145 >interprete
2546 4067 2824 4138 ,Chaeri-

558 4165 715 4228 dem.
739 4168 959 4231 Avium
1001 4171 1108 4230 Vs.
1145 4171 1271 4233 850
1312 4177 1864 4235 commemoratum
1901 4167 2333 4233 citharoedum
2364 4167 2647 4237 *habi-tum
2685 4187 2824 4251 esse

555 4281 683 4324 non
749 4273 843 4329 est
905 4267 1221 4331 credibile.
1336 4269 1584 4334 Dei-nde
1654 4270 1938 4352 ejusdem
1979 4269 2176 4351 ipsius
2238 4266 2493 4330 fabulae
2553 4269 2658 4331 Vs.
2694 4253 2822 4333 866
