3022 4934
1423 310 1843 371 -76-

512 483 573 538 et
595 475 995 555 proverbium
1038 474 1211 550 illud,
1259 476 1447 555 quod,
1485 497 1672 559 quum
1713 477 2088 542 tritissimum
2124 485 2306 556 esset,
2354 479 2474 560 ipsi
2506 486 2771 550 maxime

506 577 809 638 haerebat
835 576 898 636 in
930 585 1166 651 mente,
1208 576 1419 638 mittit.
1498 579 1692 641 Simul
1718 586 2246 663 poetav‘per-quam
2289 582 2613 663 ingeniose
2649 587 2770 648 illis

508 677 717 738 verbis
752 678 830 737 de
865 696 944 736 eo
981 675 1384 750 commonuit,
1424 679 1597 755 quod
1633 678 1863 753 omnia,
1908 682 2214 758 quaehac
2247 682 2463 742 fabula
2491 693 2771 767 aguntur,

510 778 623 839 etsi
649 796 775 838 non
800 785 1064 858 aguntur
1083 777 1359 852 Athenis,
1398 796 1621 841 revera
1644 787 1870 855 tamen,
1902 788 2196 860 tanquam
2218 782 2281 847 in
2308 783 2431 844 hac
2461 785 2596 863 ipsa
2615 784 2770 845 urbe

507 886 787 960 agantur,
839 878 1294 941 consideranda
1327 885 1489 940 sunt.
1560 880 1738 952 Quae
1762 888 2087 960 praeterea
2124 881 2315 944 allata
2348 874 2490 946 sunt
2517 903 2569 954 -a
2603 885 2770 946 Sue-

508 980 723 1038 vernio
748 979 829 1039 ad
850 980 1020 1038 illam
1047 978 1417 1040 sententiam
1441 978 1836 1056 fulciendam,
1859 1001 1988 1044 non
2014 983 2306 1062 estquod
2328 983 2538 1049 dedita
2576 959 2771 1061 opera
2836 1011 2838 1013 ·

509 1082 867 1142 refutemuS.
899 1113 985 1125 —-
1025 1078 1357 1161 Reliquum
1394 1086 1505 1154 est,
1548 1086 1617 1140 ut
1650 1088 1996 1160 exputetur,
2037 1082 2261 1164 quibus
2293 1084 2474 1145 terris
2509 1084 2610 1144 vel
2647 1099 2770 1162 qua

512 1192 680 1244 terra
715 1180 999 1242 Comicus
1029 1181 1326 1241 oriundas
1357 1179 1608 1243 finxerit
1656 1199 1833 1257 aveS,
1875 1166 1955 1242 ex
1983 1182 2204 1260 quibus
2245 1182 2470 1249 chorus
2497 1168 2770 1243 constat.

512 1286 713 1359 Supra
748 1279 1164 1351 ostendimus,
1210 1297 1317 1337 eas
1358 1296 1561 1351 aveS,
1587 1281 2061 1356 quae-musicos
2089 1282 2271 1347 chori
2308 1289 2515 1363 agunt,
2559 1263 2770 1345 exter-

508 1397 622 1441 nas
666 1378 880 1438 fuisse.
977 1376 1153 1449 Quae
1213 1395 1402 1455 quum
1466 1395 1595 1436 non
1647 1379 1777 1461 ,sint
1830 1385 2020 1442 notae
2078 1381 2503 1464 Pis-themora,
2555 1387 2771 1443 contra

507 1481 612 1543 bic
653 1478 898 1541 noverit
942 1495 1086 1551 eaS‚
1134 1495 1298 1558 quae
1341 1477 1605 1540 chorum
1657 1479 1944 1556 efficiunt,
1987 1480 2187 1544 facilis
2240 1483 2598 1565 conjectura
2652 1489 2771 1560 est,

509 1584 625 1645 bas
671 1599 819 1642 aves
857 1578 1092 1640 Atticas
1141 1578 1310 1661 fingi.
1395 1580 1473 1640 Et
1514 1580 1804 1659 profecto
1846 1581 2027 1643 nulla.
2064 1588 2188 1655 est,
2232 1600 2416 1661 quam
2456 1581 2597 1662 quis
2640 1583 2764 1643 de·-

510 1688 860 1744 monstrare
904 1680 1106 1757 possit
1152 1700 1281 1741 nou
1336 1688 1643 1742 versatam
1705 1702 1843 1743 esse
1893 1682 1960 1743 iu
1999 1689 2166 1745 terra
2200 1680 2402 1744 Attica
2432 1683 2551 1745 <vel
2584 1681 2767 1747 simul

507 1784 695 1844 etiam
751 1781 817 1840 in
881 1780 1037 1842 mari
1104 1781 1328 1843 vicino.
1413 1783 1508 1842 De
1567 1788 1798 1854 noctua
1862 1783 1927 1844 iu
1976 1789 2214 1846 tantum
2260 1789 2524 1860 constat,
2579 1781 2767 1862 hujus

511 1889 579 1944 ut
622 1879 1138 1943 commemoratio
1181 1880 1280 1941 vel
1310 1899 1434 1960 *per
1481 1899 1550 1942 se
1611 1880 1754 1944 sola
1806 1880 2080 1960 aliquem
2135 1898 2213 1942 eo
2267 1880 2497 1942 ducere
2547 1881 2766 1960 possit,

511 1990 581 2044 ut
633 1981 931 2061 inquirat,
964 1980 1183 2041 *sintne
1254 1980 1442 2041 etiam
1500 1980 1781 2060 reliquae
1826 1999 1971 2042 aves
2015 1984 2273 2046 Atticae.
2357 1984 2554 2043 Porro
2599 1984 2761 2046 adeo

509 2104 589 2145 ex
629 2085 752 2144 hac
792 2084 932 2161 ipsa
971 2082 1186 2141 fabula
1230 2091 1525 2159 apparet,
1572 2083 1729 2143 duas
1774 2101 1922 2147 aves
1968 2103 2046 2144 ex
2086 2084 2201 2159 iis,
2269 2101 2430 2162 quae
2473 2083 2556 2144 ad
2600 2084 2766 2144 cho—

505 2204 643 2248 rum
686 2182 1024 2261 pertinent,
1076 2180 1310 2242 Atticas
1356 2199 1527 2242 esse:
1586 2185 1966 2260 attagenem,
2027 2199 2189 2259 quae
2246 2191 2769 2244 commemoratur

505 2286 615 2345 Vs,
650 2282 809 2353 297,
878 2298 957 2341 ex
997 2282 1103 2341 Vs.
1140 2280 1263 2342 245
1294 2299 1464 2359 sqq„
1537 2298 1727 2358 quum
1769 2286 1975 2342 tamen
2039 2297 2117 2340 ex
2156 2279 2426 2343 Acharn.
2482 2281 2587 2342 Vs.
2637 2282 2761 2343 875

506 2382 852 2454 discamus,
911 2381 1075 2439 hanc
1142 2399 1321 2441 avem
1379 2379 1656 2440 Athenas
1711 2379 1927 2440 inferri
1972 2401 2015 2440 e:
2047 2381 2343 2455 Boeotia3
2386 2381 2763 2458 'accipitrem

506 2484 609 2542 Vs.
649 2479 775 2541 303
820 2484 1268 2553 enumeratum,
1313 2496 1499 2557 quam
1543 2496 1726 2540 avem
1769 2478 1956 2540 etiam
1998 2478 2063 2538 in
2112 2479 2250 2541 aliis
2295 2479 2472 2541 terris
2518 2480 2763 2562 degisse

505 2602 632 2644 non
676 2599 1005 2661 negamus,
1052 2600 1130 2640 ex
1170 2582 1277 2643 Vs.
1318 2581 1465 2655 870,
1509 2580 1618 2642 ubi
1658 2579 1714 2642 is
1759 2579 2090 2660 accipiter,
2135 2580 2240 2662 qui
2283 2580 2445 2642 inter
2485 2578 2760 2641 choreu-

506 2691 602 2742 tas
647 2687 777 2751 est,
817 2679 918 2739 bis
963 2678 1317 2758 appellatur-
1355 2679 1601 2742 verbis:

671 2771 776 2842 ’.Ω
821 2779 1378 2860 Σουνιέρακε,
1432 2775 1588 2866 χαῖρ’
1625 2777 1788 2855 ἅναξ
1835 2782 2222 2863 Πελαργικέ.

502 2880 628 2942 Sed
668 2880 738 2940 id
778 2877 1014 2958 ipsum,
1074 2878 1244 2957 quod
1288 2878 1480 2939 modo
1541 2877 2103 2956 contendebamus,
2159 2877 2545 2941 Pisthetaero
2592 2898 2757 2954 aves,

506 3001 585 3042 ex
628 2980 847 3057 quibus
893 2980 1120 3041 chorus
1165 2985 1440 3054 constat,
1495 2985 1678 3040 notas
1722 2997 1895 3054 esse,
1954 2979 2020 3039 in
2063 2977 2514 3040 dubitationem
2555 2976 2757 3041 voca-

505 3085 636 3137 tum
679 3084 776 3137 est
816 3094 855 3135 a
898 3077 1237 3137 Suevernio
1282 3078 1325 3137 l.
1368 3098 1421 3139 c.
1462 3098 1523 3155 p.
1560 3081 1701 3140 101.
1787 3077 2139 3140 Secundum
2198 3077 2396 3152 hunc,
2473 3080 2754 3158 quamvis

505 3196 632 3236 non
666 3175 1069 3248 nominatum,
1112 3174 1475 3234 Dindorfius
1512 3175 1757 3234 »avium
1787 3175 2335 3250 declarationem»,
2378 3177 2481 3252 ait,
2525 3197 2758 3258 »aper-

501 3284 631 3337 tum
673 3282 771 3337 est
808 3274 1048 3355 Epopis
1092 3272 1669 3355 personafflmelius
1698 3272 2051 3335 'convenire
2109 3290 2293 3351 quam
2349 3260 2756 3353 Pisthetaero,

504 3378 726 3440 harum
769 3395 977 3439 rerum
1015 3376 1230 3438 adhuc
1260 3376 1499 3459 ignaro.
1578 3375 1794 3455 Itaque
1825 3372 1898 3435 in
1940 3393 1997 3436 v.
2034 3371 2333 3437 297-304
2357 3391 2474 3451 pro
2494 3373 2756 3439 Bistho-

494 3487 677 3539 vtaero
721 3477 960 3556 Epopis
978 3523 994 3551 ,
1037 3496 1156 3555 pro
1187 3475 1506 3556 Euelpide
1545 3473 1911 3536 Pisthetaeri
1951 3490 2227 3552 persona
2266 3475 2562 3551 ponenda
2602 3485 2755 3538 est».

502 3579 627 3638 Sed
667 3576 1113 3638 Pisthetaerum
1155 3576 1439 3658 ignarum
1481 3579 1654 3651 esse,
1695 3581 1947 3636 temere·
1965 3573 2087 3634 sibi
2122 3580 2370 3637 sumunt
2409 3574 2525 3634 viri
2569 3576 2755 3639 docti.

502 3679 732 3739 Porro:
773 3675 1084 3738 Dindorfii
1112 3676 1225 3738 illa
1267 3676 1464 3739 verba
1515 3675 1581 3734 in
1617 3674 1892 3739 editione
1926 3672 2273 3736 oxoniensi
2318 3674 2532 3753 posita
2558 3691 2754 3752 prae-

504 3778 731 3840 cedunt
785 3776 945 3837 baec
1001 3797 1040 3839 a
1081 3777 1390 3840 Brunckio
1434 3776 1730 3857 scripta.
1769 3775 2133 3840 »distinctae
2187 3793 2500 3857 personae
2541 3774 2624 3836 ad
2665 3773 2753 3835 fi-

502 3881 645 3940 dem
688 3878 875 3940 codd.
917 3879 992 3937 A.
1034 3881 1100 3939 B.
1133 3881 1264 3942 'nisi
1307 3880 1481 3959 quod
1523 3880 1587 3938 in
1628 3879 1704 3940 iis
1749 3878 1956 3941 avium
2001 3874 2594 3954 declaratio.iEpopi
2630 3874 2752 3935 tri-

498 3980 724 4053 buitur,
770 3982 943 4061 cujus
987 3981 1052 4041 in
1091 3979 1305 4042 locum
1346 3987 1566 4058 quater
1595 3980 2040 4043 Pisthetaernm
2074 3978 2308 4057 posui..
2364 3978 2520 4036 Nam
2556 3992 2752 4055 prae-

500 4086 595 4139 ter
637 4099 900 4141 omnem*
926 4078 1524 4142 verisimilitudinem
1587 4078 1744 4154 ista,
1811 4073 1894 4146 οὐ
1956 4076 2102 4159 7029-
2154 4079 2289 4140 ἐστι
2344 4074 2714 4159 Σποργίλος
2728 4093 2753 4147 ,·

502 4177 712 4256 Epops
774 4179 1070 4242 diceret».
1176 4183 1349 4243 Haec
1414 4198 1600 4240 sensu
1656 4179 1798 4241 ,veri
1855 4176 2067 4238 nativo
2125 4174 2439 4254 disputata
2504 4176 2646 4232 sunt
2711 4190 2748 4233 a

500 4276 840 4352 Bruncki03
911 4289 973 4341 et
1016 4281 1204 4359 digna
1264 4283 1550 4360 profecto
1612 4287 1744 4342 erat
1788 4279 2099 4359 objectio,
2165 4293 2327 4354 quae
2370 4272 2423 4332 si
2466 4290 2591 4333 non
2634 4294 2745 4334 re-
