3022 4934
1384 323 1807 381 -6-

470 511 530 570 p.
562 492 669 563 14,
723 490 930 551 locum
974 488 1164 570 cepit,
1220 487 1308 548 sic
1353 491 1697 569 explicans:
1764 496 1871 550 «at
1916 489 2138 551 omnia
2184 490 2343 550 facta
2388 489 2425 547 i.
2463 507 2516 547 e.
2560 509 2717 567 per-—

469 588 660 662 fecta,
707 588 1056 660 constituta,
1101 584 1261 647 data
1320 586 1647 667 (cuinam‘l,
1688 589 2097 669 perpetuitate
2143 588 2484 670 argumenti
2528 588 2717 649 duce:

470 686 588 749 tibi
628 686 746 751 deo
782 685 1110 760 Vulcane,
1156 686 1402 765 quicum
1447 687 1817 751 confabulor
1859 687 2090 760 Robur,
2136 684 2289 749 aliis
2332 684 2476 769 diis)
2517 706 2717 769 prae-

475 797 575 849 ten·
614 787 937 869 imperare
976 783 1136 859 diis,
1182 783 1359 877 quod
1393 783 1613 845 solum
1654 801 1855 870 penes
1890 782 2125 862 Jovem
2170 786 2326 869 (non
2366 787 2517 850 item
2553 783 2718 846 alios

470 887 639 969 deos)
687 896 798 947 est.
808 912 836 944 »
926 890 1196 948 Mentem
1230 888 1349 947 loci
1384 888 1545 947 hanc
1581 905 1748 945 esse.
1800 884 2143 969 «Juppater
2173 886 2718 977 quemadmodum

472 985 896 1069 imperitandi
947 1004 1192 1048 munaus
1251 985 1359 1048 cui
1406 992 1478 1047 tu
1531 982 1914 1075 obsequaris
1967 982 2432 1047 admouisti-‚at
2496 984 2590 1047 sic
2649 992 2719 1045 tu

462 1084 808 1170 flagitanti
849 1092 1192 1148 contentus
1241 1092 1453 1148 artem
1498 1081 1857 1148 exhibebis.
1954 1069 2219 1146 Etenim
2263 1105 2399 1145 non
2449 1090 2520 1144 tu
2564 1079 2722 1143 Jove·

471 1186 788 1269 imperas,
863 1184 979 1248 sed
1033 1184 1313 1269 imperat
1365 1181 1676 1268 luppiter
1734 1180 1874 1246 tibi.
1887 1208 1917 1242 »
1963 1220 2050 1231 —-
2150 1184 2418 1245 Frustra.
2520 1184 2720 1242 Locus

470 1287 634 1346 enim
678 1288 822 1365 quin
866 1288 1077 1347 vitium
1120 1286 1405 1358 traxerit,
1450 1286 1718 1346 dubitari
1757 1286 1988 1364 nequit.
2073 1285 2478 1346 Scribendum
2514 1291 2721 1345 autem

467 1404 583 1462 pro
621 1377 927 1471 ἐπράχθη
967 1393 1063 1446 est
1104 1379 1461 1468 ἐπράθη,
1506 1392 1572 1446 ut
1613 1404 1787 1446 mens
1830 1384 2155 1446 locihaec
2198 1384 2454 1446 evadat:
2497 1385 2719 1446 omnia

467 1481 734 1545 vendita
786 1485 850 1544 h.
886 1504 941 1545 e.
985 1485 1049 1545 in
1106 1485 1399 1547 servitute
1449 1489 1612 1548 sunt
1656 1492 1920 1569 praeter
1965 1483 2291 1568 imperare
2339 1482 2467 1545 diis
2481 1531 2497 1560 ,
2556 1482 2721 1545 liber

469 1585 647 1645 enim
706 1591 770 1645 et
825 1585 935 1647 sm‘
975 1583 1160 1670 juris
1217 1606 1409 1648 nemo
1467 1594 1565 1649 est
1621 1593 1887 1669 praeter
1934 1582 2193 1648 Jooem.
2297 1585 2507 1659 Quivis
2563 1606 2718 1646 unus

467 1686 759 1760 senserit,
804 1706 989 1765 quam
1024 1688 1275 1769 egregie
1309 1688 1431 1749 hac
1465 1688 1898 1749 emendatione
1932 1689 2203 1767 recepta
2225 1687 2476 1767 singulis
2514 1685 2718 1747 verbis

469 1803 679 1847 versus
709 1788 792 1849 49
835 1805 1214 1866 responsura
1248 1787 1644 1868 sintsingula
1676 1787 1870 1848 verba
1904 1780 2266 1862 versus‘503
2309 1804 2452 1847 nam
2486 1783 2716 1845 locutio
2775 1781 2781 1786 ”

464 1880 823 1967 ἐλεύθερός
860 1889 995 1950 ἐστι
1038 1885 1342 1964 spectabit
1382 1885 1465 1945 ad
1508 1877 1857 1969 ἐπράχθη,
1896 1891 1965 1945 ut
2006 1877 2186 1964 πλὴν
2222 1877 2375 1954 Aede
2412 1882 2494 1941 ad
2536 1875 2719 1961 πλήν

463 1993 674 2051 θεοῖσι
727 1996 1078 2069 κοιρανεῖν.
1163 1986 1511 2048 Simillimus
1557 1991 1651 2045 est
1692 1985 1897 2061 locuS,
1957 1985 2064 2064 qui
2102 1985 2349 2066 legitur.
2371 1984 2717 2064 Choepho—

467 2105 681 2146 rorum
723 2105 910 2147 versu
952 2086 1113 2148 902·

716 2187 928 2270 Διχῶς
979 2183 1374 2271 ἐπράθην
1425 2209 1530 2251 ων
1582 2184 2055 2268 ἐλευθέρου
2113 2181 2392 2268 πατρός,

468 2284 573 2345 ubi
618 2292 681 2347 et
721 2286 983 2347 verbum
1026 2287 1386 2368 πραθῆναι
1444 2284 1671 2346 eodem
1709 2283 2069 2367 significatu
2116 2283 2564 2365 metaphorico.
2595 2284 2717 2346 ad—

460 2385 723 2446 hibitum
767 2393 861 2449 est
904 2394 967 2448 et
1010 2385 1232 2447 eadem
1275 2387 1516 2449 ratione
1559 2386 1928 2449 vocabulum
1978 2382 2324 2467 ἐλεύθερος
2366 2385 2717 2465 oppositum

462 2487 659 2546 verbo
695 2487 1066 2569 πραθῆναι.
1150 2486 1432 2550 Aoristus
1468 2487 1741 2571 ἐπράθη
1783 2490 1866 2566 ad
1907 2487 1973 2550 id
2008 2493 2248 2567 tempus
2282 2492 2548 2566 spectat,
2587 2505 2716 2564 quo

461 2604 720 2645 munera
771 2585 934 2646 inter
989 2586 1144 2648 deos
1201 2587 1527 2650 distributa
1586 2595 1791 2667 erant,
1853 2608 1976 2668 qua
2019 2588 2099 2648 de
2140 2606 2213 2650 re
2255 2586 2452 2651 v-erho
2497 2588 2734 2671 λαχεῖν.

461 2686 745 2763 proxime
809 2703 1182 2765 praegresso
1246 2687 1652 2767 significatum
1713 2696 1885 2762 erat„
1985 2690 2196 2761 Verba
2213 2733 2229 2761 ,
2308 2703 2468 2766 quae
2527 2687 2717 2747 modo

465 2785 892 2844 emendatiora
951 2785 1263 2860 dedimus,
1335 2794 1463 2848 tam
1522 2789 1605 2848 ad
1670 2807 1776 2861 ea,
1851 2806 2031 2868 quae.
2061 2789 2275 2872 Robur
2327 2788 2528 2866 ipsum
2582 2788 2717 2847 Vss,

464 2885 548 2946 46
584 2892 647 2946 et
678 2886 762 2946 47
806 2884 1073 2958 dixerat,
1116 2886 1447 2965 probanda
1479 2888 1782 2960 serviunt,
1828 2904 2013 2966 quam
2042 2886 2121 2948 ad
2156 2886 2717 2961 demonstrandum,

464 2984 676 3043 inutile
721 3000 861 3042 esse
904 2988 1181 3060 optatum
1209 2984 1465 3057 Vulcani
1497 2992 1642 3065 post
1674 2986 1779 3048 illa
1808 2985 2121 3066 prolatum
2161 2985 2268 3046 Vs·
2293 2984 2395 3055 49.
2457 2985 2719 3067 *Etenim

465 3081 518 3142 si
561 3098 786 3149 revera
829 3081 1037 3144 omnia
1079 3099 1368 3155 munera,
1427 3091 1687 3162 excepto
1731 3104 1856 3143 uno
1898 3081 2162 3162 imperio
2204 3085 2269 3146 in
2313 3083 2498 3158 deoS,
2551 3086 2721 3164 quod

464 3202 660 3263 penes
710 3185 928 3245 Jovem
990 3189 1152 3256 erat,
1212 3181 1276 3242 in
1318 3182 1613 3243 servitute
1658 3188 1861 3255 erant,
1921 3182 2024 3241 vix
2065 3188 2277 3261 aptum
2319 3191 2454 3243 erat
2494 3185 2720 3259 dicere,

465 3285 664 3363 ipsam
725 3291 924 3343 artem
980 3303 1148 3357 esse,
1228 3302 1390 3362 quae
1446 3284 1749 3346 Vulcano.
1783 3283 2035 3355 labores
2075 3282 2458 3361 creavisset,
2536 3306 2723 3365 quum

464 3385 670 3465 potius
728 3384 1016 3445 universa
1071 3384 1334 3444 deorum
1388 3385 1770 3466 reliquorum
1828 3386 2109 3448 condicio
2164 3388 2227 3448 in
2271 3403 2488 3453 caussa
2532 3392 2722 3462 esset3

467 3492 559 3557 et,
623 3484 872 3550 etiamsi,
918 3478 1124 3547 saber'
1154 3485 1451 3547 ferrarius
1495 3505 1623 3546 non
1666 3487 2068 3561 esset-factus
2113 3486 2452 3558 Vulcanus,
2514 3489 2722 3543 tamen

467 3605 684 3646 munus
740 3591 1029 3646 nacturus
1085 3586 1331 3659 fuisset,
1405 3605 1531 3664 quo
1586 3605 1713 3653 non
1769 3589 1967 3647 minus
2025 3592 2188 3660 arte,
2259 3603 2444 3672 quam
2477 3602 2720 3646 revera

466 3683 906 3766 profitebatur,
966 3703 1182 3749 servus
1223 3685 1394 3748 Jovis
1439 3683 1712 3749 redditus
1757 3686 1992 3749 fuisset.
2026 3720 2108 3745 -—

1517 3941 1671 4020 111.

1082 4079 1360 4130 Profertur
1396 4079 1710 4148 conjectura
1754 4082 1820 4131 de
1863 4080 1957 4133 Vs.
1989 4048 2113 4132 258.

1420 4213 1771 4279 ΧΟΡΟΣ.

708 4302 875 4374 Οὐδ’
919 4315 1097 4380 ἔστιν
1151 4307 1367 4380 ἄθλου
1413 4314 1624 4398 τέρμα
1676 4339 1776 4382 σοι
1835 4310 2317 4395 προκείμενονὶ
