3022 4934
1387 294 1804 354 ..13-

482 491 738 557 χοντες,
798 463 917 531 δύο
971 466 1100 548 μὲν
1155 462 1262 527 καὶ
1321 462 1474 528 δέκα
1526 461 1799 551 ῥάχεως,
1859 458 1982 534 οὓς
2037 455 2437 546 ὀνομάζουσι
2492 457 2734 549 ρἀεις,

484 569 681 631 πέντε
732 564 802 630 δὲ
849 559 1126 644 ὀσφύος·
1160 597 1247 609 -
1297 558 1427 647 τήν
1478 563 1549 630 δὲ
1598 559 1815 645 ὀσᾳῦν
1856 564 1958 628 καὶ
2004 561 2385 647 πρότμησιν
2432 559 2735 634 ἐκάλουν,

481 656 561 748 ἧς
609 661 1053 730 ἐνσπονδύλια
1103 668 1235 746 μὲν
1285 657 1370 729 τοὶ
1425 656 1610 730 σ’στᾶ.
1713 663 1968 743 Origine
2025 666 2173 744 quin
2230 664 2450 724 eadem
2493 663 2573 724 sit
2611 680 2736 721 vox

482 774 665 845 atque
738 760 882 845 ψύα
912 812 927 836 ,
1008 784 1135 825 non
1212 765 1447 824 dubito.
1571 763 2137 843 Circumspiciamus
2209 785 2389 826 usum
2462 764 2734 843 scripto-

478 885 611 924 rum
671 866 970 945 imprimis
1031 867 1153 926 huc
1210 863 1681 944 pertinentium;
1746 872 1808 924 et
1861 864 2126 943 primum
2188 865 2437 944 quidem
2498 883 2733 935 eorum,

478 966 581 1044 qui
639 966 914 1045 pedestri
974 967 1257 1026 oratione
1317 965 1410 1024 usi
1465 971 1622 1024 sunt.
1723 967 1893 1025 Loco
1947 967 2317 1026 Herodoteo
2372 984 2559 1045 supra
2615 983 2733 1023 ex-

478 1066 708 1145 scripto
770 1066 980 1127 verbis
1046 1062 1257 1146 ὀσφῦς
1319 1062 1487 1145 ἄκρη
1550 1064 1929 1146 significatur
1987 1066 2251 1149 integra
2309 1087 2386 1127 ea
2446 1063 2734 1144 corporis

481 1165 738 1226 taurini
784 1183 979 1246 pars,
1046 1183 1219 1251 quae
1269 1160 1362 1223 ibi
1414 1163 1677 1245 incipit,
1751 1160 1866 1224 ubi
1919 1165 2132 1229 κοιλία
2191 1162 2460 1237 desinit,
2525 1169 2589 1223 et
2641 1159 2734 1222 ibi

479 1263 749 1337 desinit,
810 1261 927 1322 ubi
968 1265 1192 1333 σκέλος
1239 1261 1506 1344 ἰτισίρίἰς
1580 1262 1856 1343 «integra
1870 1286 1925 1337 ,»
1984 1264 2266 1343 inquam,
2322 1283 2527 1345 neque
2572 1262 2736 1324 enim

476 1363 553 1421 de
610 1365 759 1423 solis
817 1363 1058 1423 ossibus
1120 1362 1513 1443 cogitandum
1570 1382 1741 1436 esse,
1807 1370 2128 1443 postrema
2177 1366 2374 1426 verba
2425 1366 2733 1427 luculente

477 1463 724 1524 docent.
809 1463 991 1542 Apud
1021 1462 1537 1541 Xenophontem,
1583 1465 1662 1523 de
1694 1483 1764 1524 re
1799 1466 2069 1544 equestri
2104 1465 2159 1539 1,
2187 1465 2292 1538 12,
2340 1465 2483 1544 equi
2525 1458 2735 1545 ὀσφῦς

479 1570 1001 1625 commemoratur
1034 1562 1132 1621 bis
1167 1561 1409 1622 verbis:
1450 1560 1711 1642 Ὀσφῦς
1750 1587 1824 1646 ys
1866 1558 2008 1647 μὴν
2051 1561 2175 1648 ὅσῳ
2217 1559 2306 1629 ἄν
2349 1563 2730 1645 πλατυτέρα

477 1663 586 1728 καὶ
636 1664 1022 1750 βραχυτέρα
1066 1653 1147 1746 ᾖ,
1205 1662 1485 1726 τοσοῦτο
1540 1663 1704 1747 ῥᾷον
1756 1666 1889 1742 μὲν
1940 1659 1977 1728 ὅ
2032 1669 2241 1734 ἵππος
2290 1655 2374 1728 τοὶ
2430 1656 2733 1744 πρόσθεν

475 1765 765 1841 αἴρεται,
821 1765 986 1845 ῥᾷον
1024 1759 1092 1824 δὲ
1136 1753 1219 1822 τοὶ
1262 1755 1551 1824 ὄπισθεν
1591 1756 2002 1843 ηροςοὲγεται.
2098 1765 2520 1822 Recensentur
2555 1762 2732 1842 juxta

473 1864 637 1922 hanc
673 1861 958 1942 corporis
996 1859 1203 1938 equini
1240 1865 1485 1938 partem
1528 1849 1861 1940 οἷκρωμία,
1903 1857 2186 1942 πλευρά,
2230 1857 2490 1939 κενεών,
2532 1861 2733 1947 ἰσχία,

476 1964 718 2046 μηροῖ,
772 1959 1017 2048 ὄρχεις,
1073 1962 1161 2021 ita
1212 1961 1491 2038 quidem,
1551 1965 1620 2018 ut
1674 1951 1920 2038 ὀσφύος
1979 1961 2485 2023 commemoratio
2543 1962 2730 2022 tertio

477 2066 620 2126 loco
672 2063 785 2125 fiat
821 2062 888 2145 ¹⁷).
994 2063 1163 2143 Ergo
1222 2059 1616 2142 cogitandum
1678 2066 1773 2120 est
1821 2057 1902 2120 de
1954 2067 2249 2122 extrema
2299 2059 2479 2121 dorsi
2525 2067 2733 2143 parte,

476 2164 591 2224 sed
635 2164 904 2224 dubitari
946 2170 1181 2242 potest,
1226 2169 1429 2222 utrum
1465 2162 1544 2220 de
1582 2160 1839 2245 integro
1877 2159 2069 2221 dorso
2114 2180 2194 2221 an
2228 2162 2307 2220 de
2342 2159 2486 2221 sola
2521 2160 2733 2242 spina,

478 2282 639 2342 quae
681 2264 997 2342 poster-ior
1040 2263 1345 2325 sententia
1386 2263 1632 2323 videtur
1673 2263 1933 2323 Pollucis
1977 2264 2193 2337 fuisse,
2241 2282 2345 2336 ea,
2392 2280 2551 2341 quae
2596 2270 2735 2322 sunt

475 2366 581 2424 lib.
616 2365 674 2439 1,
732 2383 925 2443 segm.
965 2364 1121 2437 211,
1184 2383 1263 2424 ex
1303 2365 1445 2423 loco
1490 2362 1930 2442 Xenophontis
1982 2363 2257 2423 mutuati.
2297 2439 2301 2443 ῃ
2352 2361 2735 2432 Aristoteles,

476 2464 1010 2525 teste‘Plutarcho
1057 2464 1136 2524 de
1173 2465 1337 2544 plac.
1370 2463 1600 2543 philos.
1632 2462 1707 2536 V,
1734 2463 1833 2539 17,
1876 2462 2246 2537 tradiderat,
2289 2459 2431 2522 fieri
2473 2460 2734 2541 πρῶτον

478 2562 601 2648 τὴν
652 2558 905 2647 ὀσφῦν,
960 2559 1048 2638 ὥς
1096 2563 1339 2646 τρόπιν
1390 2560 1587 2640 νεώς,
1645 2563 1977 2643 quibusin
2019 2565 2259 2637 verbis,
2324 2571 2404 2623 ut·
2434 2581 2512 2622 ex
2553 2577 2734 2618 com-

477 2667 834 2744 paratione,
881 2685 1042 2744 quae
1084 2666 1274 2738 inest,
1320 2672 1610 2743 apparet,
1661 2659 1880 2746 ὀσφῦν
1922 2666 2150 2730 rectius
2191 2663 2735 2744 interpretabimur

477 2767 741 2849 spinam
794 2784 1081 2844 osseam3
1148 2772 1331 2842 atque
1387 2764 1608 2825 eadem
1661 2765 1797 2843 ipsa
1849 2766 2277 2843 interpretatio
2327 2761 2734 2828 commenda-

475 2867 642 2928 bitur
683 2867 976 2929 adhibitis
1019 2865 1164 2927 loco
1207 2864 1463 2938 Isidori,
1523 2865 1625 2943 qui
1669 2872 1763 2927 est
1805 2865 1974 2947 Orig.
2012 2867 2130 2941 XI,
2172 2869 2242 2928 1:
2304 2886 2531 2928 «sacra.
2559 2866 2736 2946 spina

480 2974 576 3026 est
625 2968 752 3025 ima
801 2973 1145 3044 perpetuae
1200 2967 1446 3045 spinae,
1511 2985 1696 3046 quam
1743 2966 1964 3028 Graeci
2007 2962 2185 3051 ἱερὸν
2227 2967 2469 3035 ὀστοῦν
2512 2953 2739 3030 vocant

480 3067 773 3146 quoniam
831 3067 1096 3146 primum
1153 3066 1387 3124 infante
1444 3075 1744 3145 concepto
1805 3068 2074 3129 nascitur
2130 3078 2316 3142 etc.,»
2383 3076 2474 3143 et,
2537 3071 2736 3149 aptius

480 3172 698 3243 etiam,
760 3169 1002 3241 verbis,
1066 3184 1227 3245 quae
1283 3166 1675 3244 reperiuntur
1716 3167 1780 3225 in
1822 3169 2034 3245 priore
2082 3169 2289 3246 glossa
2314 3170 2740 3249 ¹Etymologici

477 3273 715 3351 Magni,
759 3271 966 3330 hisce:
1024 3263 1068 3347 ἡ
1112 3260 1322 3348 «impos
1363 3260 1595 3348 πρώτη
1638 3259 1879 3347 φύεται
1920 3268 2055 3331 τῶν
2094 3266 2300 3347 ζώων,
2356 3265 2564 3352 ἤγουν
2606 3274 2737 3336 τῶν

476 3376 759 3456 ἱερείων,
817 3380 880 3433 et
924 3370 1372 3449 quadamtenus
1419 3368 1604 3428 etiam
1645 3368 1945 3430 Varronis
1990 3369 2156 3448 apud
2201 3370 2464 3430 Gellium
2503 3370 2618 3443 111,
2657 3373 2737 3430 10

476 3476 681 3535 hisce:
732 3482 914 3555 «post
956 3471 1183 3532 deinde
1227 3477 1450 3549 quarta
1491 3470 1920 3544 hebdomade,
1966 3470 2137 3549 quod
2180 3472 2312 3552 ejus
2349 3471 2537 3543 virile„
2560 3489 2737 3531 secus

477 3579 750 3637 futurum
793 3584 916 3650 est,
963 3582 1145 3655 caput
1189 3581 1253 3634 et
1295 3574 1565 3653 spinam,
1611 3590 1771 3652 quae
1806 3577 1902 3632 est
1941 3572 2005 3631 in
2041 3571 2259 3646 dorso,
2303 3571 2732 3648 informatum»

630 3781 672 3842 ⁶)
722 3772 912 3835 Ὀσφῦν
959 3769 1054 3840 τήν
1099 3775 1286 3842 διπλῆν
1333 3790 1443 3825 non
1495 3776 1899 3826 commemorari
1952 3776 2097 3843 apud
2144 3772 2553 3842 Xenophontem
2603 3773 2645 3823 l.
2684 3789 2736 3823 c.

476 3863 524 3929 ἓ.
555 3861 648 3921 11,
689 3862 748 3910 id
783 3860 930 3927 quod
964 3858 1020 3907 J.
1048 3858 1116 3908 G.
1138 3859 1505 3912 Schneiderus
1543 3866 1597 3911 et
1631 3862 1814 3927 plures
1850 3862 1947 3911 alii
1983 3861 2089 3911 sibi
2124 3865 2536 3928 persuaserunt,
2573 3860 2737 3914 facile

479 3956 558 3997 cst
608 3949 993 4004 demonstratu.
1082 3946 1192 3995 Nec
1243 3948 1399 3995 vidco
1429 3948 1701 4007 omnino,
1761 3965 1867 4015 quo
1907 3948 2034 4017 jure
2087 3949 2285 4016 Papius
2333 3949 2390 4008 in
2430 3945 2561 4010 Lex.
2602 3963 2648 3995 s.
2681 3964 2730 3994 v.

477 4033 663 4091 Ὀσφῦς
702 4033 772 4081 ad
806 4033 949 4081 bunc
985 4033 1165 4082 locum
1202 4049 1498 4100 provocans
1550 4031 1706 4094 ὅσφῦν
1756 4037 1942 4103 διπλῆν
1990 4020 2374 4105 interpretetur
2427 4035 2544 4100 «die
2582 4032 2733 4082 ober-

481 4119 604 4167 halb
643 4122 737 4169 der
774 4118 985 4169 Hi'iften
1024 4119 1419 4169 vorstehenden'
1450 4119 1762 4188 sseiscbigen
1798 4121 1987 4171 Theile
2025 4140 2106 4171 am
2147 4124 2298 4173 Ende
2337 4122 2430 4173 des
2462 4118 2731 4179 Riickens,

481 4208 567 4254 die
621 4196 859 4255 Hanl'een
979 4205 1295 4258 Rectissime
1346 4211 1412 4258 dc
1465 4209 1620 4277 spina
1672 4209 1879 4277 duplici
1934 4211 2044 4276 egit
2095 4210 2338 4279 Heynius
2392 4211 2460 4257 ad
2492 4203 2728 4274 'virgilii

481 4292 679 4358 Georg.
723 4294 835 4351 ΙΙΙ,
873 4295 961 4344 87.
