<?xml version="1.0" encoding="UTF-8"?>
<!DOCTYPE html PUBLIC "-//W3C//DTD XHTML 1.0 Transitional//EN"
    "http://www.w3.org/TR/xhtml1/DTD/xhtml1-transitional.dtd">
<html xmlns="http://www.w3.org/1999/xhtml" xml:lang="en" lang="en">
 <head>
  <title>
</title>
<meta http-equiv="Content-Type" content="text/html;charset=utf-8" />
  <meta name='ocr-system' content='tesseract 3.04.00' />
  <meta name='ocr-capabilities' content='ocr_page ocr_carea ocr_par ocr_line ocrx_word'/>
</head>
<body>
  <div class='ocr_page' id='page_1' title='image "4770919_0102.png"; bbox 0 0 3022 4934; ppageno 0'>
   <div class='ocr_carea' id='block_1_1' title="bbox 1441 299 1857 363">
    <p class='ocr_par' dir='ltr' id='par_1_1' title="bbox 1441 299 1857 363">
     <span class='ocr_line' id='line_1_1' title="bbox 1441 299 1857 363; baseline -0.002 -17"><span class='ocrx_word' id='word_1_1' title='bbox 1441 299 1857 363; x_wconf 71' lang='lat'><strong>..33-</strong></span> 
     </span>
    </p>
   </div>
   <div class='ocr_carea' id='block_1_2' title="bbox 513 463 2793 1550">
    <p class='ocr_par' dir='ltr' id='par_1_2' title="bbox 513 463 2793 1550">
     <span class='ocr_line' id='line_1_2' title="bbox 522 463 2773 548; baseline -0 -15"><span class='ocrx_word' id='word_1_2' title='bbox 522 470 797 542; x_wconf 88' lang='lat' dir='ltr'><strong>ciscitur‚</strong></span> <span class='ocrx_word' id='word_1_3' title='bbox 842 467 957 528; x_wconf 71' lang='lat' dir='ltr'><strong>cfr.</strong></span> <span class='ocrx_word' id='word_1_4' title='bbox 997 467 1101 529; x_wconf 81' lang='lat' dir='ltr'><strong>Vs.</strong></span> <span class='ocrx_word' id='word_1_5' title='bbox 1139 465 1300 540; x_wconf 81' lang='lat'><strong>435,</strong></span> <span class='ocrx_word' id='word_1_6' title='bbox 1360 474 1423 529; x_wconf 84' lang='lat' dir='ltr'><strong>et</strong></span> <span class='ocrx_word' id='word_1_7' title='bbox 1464 466 1537 531; x_wconf 84' lang='lat' dir='ltr'><strong>fit</strong></span> <span class='ocrx_word' id='word_1_8' title='bbox 1579 463 1887 548; x_wconf 69' lang='grc' dir='ltr'><strong>ὁπλίτης,</strong></span> <span class='ocrx_word' id='word_1_9' title='bbox 1949 483 2075 547; x_wconf 79' lang='lat' dir='ltr'><strong>quo</strong></span> <span class='ocrx_word' id='word_1_10' title='bbox 2128 465 2379 527; x_wconf 89' lang='lat' dir='ltr'><strong>nomine</strong></span> <span class='ocrx_word' id='word_1_11' title='bbox 2414 465 2624 545; x_wconf 37' lang='lat' dir='ltr'><strong>,ipsum</strong></span> <span class='ocrx_word' id='word_1_12' title='bbox 2665 470 2773 532; x_wconf 85' lang='lat' dir='ltr'><strong>in·-</strong></span> 
     </span>
     <span class='ocr_line' id='line_1_3' title="bbox 517 565 2774 649; baseline -0.001 -18"><span class='ocrx_word' id='word_1_13' title='bbox 517 568 731 649; x_wconf 80' lang='lat' dir='ltr'><strong>signiri</strong></span> <span class='ocrx_word' id='word_1_14' title='bbox 775 586 813 631; x_wconf 90' lang='lat' dir='ltr'><strong>a</strong></span> <span class='ocrx_word' id='word_1_15' title='bbox 855 567 1243 630; x_wconf 87' lang='lat' dir='ltr'><strong>Pistbetaero</strong></span> <span class='ocrx_word' id='word_1_16' title='bbox 1285 568 1390 631; x_wconf 82' lang='lat' dir='ltr'><strong>Vs.</strong></span> <span class='ocrx_word' id='word_1_17' title='bbox 1426 569 1553 633; x_wconf 82' lang='grc'><strong>448</strong></span> <span class='ocrx_word' id='word_1_18' title='bbox 1575 613 1592 643; x_wconf 95' lang='grc'><strong>,</strong></span> <span class='ocrx_word' id='word_1_19' title='bbox 1619 582 1820 647; x_wconf 85' lang='lat' dir='ltr'><strong>supra</strong></span> <span class='ocrx_word' id='word_1_20' title='bbox 1860 565 2361 647; x_wconf 56' lang='grc' dir='ltr'><strong>(ἰίεριιῐεινίιιιῑιιε.τ</strong></span> <span class='ocrx_word' id='word_1_21' title='bbox 2395 567 2774 645; x_wconf 62' lang='grc' dir='ltr'><strong>θοὰ-κισσο-</strong></span> 
     </span>
     <span class='ocr_line' id='line_1_4' title="bbox 515 664 2774 749; baseline 0 -22"><span class='ocrx_word' id='word_1_22' title='bbox 515 668 696 743; x_wconf 89' lang='lat' dir='ltr'><strong>ritur,</strong></span> <span class='ocrx_word' id='word_1_23' title='bbox 759 668 1105 747; x_wconf 70' lang='lat' dir='ltr'><strong>quatenus?</strong></span> <span class='ocrx_word' id='word_1_24' title='bbox 1195 666 1397 740; x_wconf 87' lang='lat' dir='ltr'><strong>Quem</strong></span> <span class='ocrx_word' id='word_1_25' title='bbox 1437 664 1647 729; x_wconf 82' lang='lat' dir='ltr'><strong>finem.</strong></span> <span class='ocrx_word' id='word_1_26' title='bbox 1689 665 1963 734; x_wconf 80' lang='lat' dir='ltr'><strong>habeant</strong></span> <span class='ocrx_word' id='word_1_27' title='bbox 2004 687 2157 734; x_wconf 81' lang='lat' dir='ltr'><strong>veru</strong></span> <span class='ocrx_word' id='word_1_28' title='bbox 2217 675 2279 730; x_wconf 89' lang='lat' dir='ltr'><strong>et</strong></span> <span class='ocrx_word' id='word_1_29' title='bbox 2323 669 2448 730; x_wconf 91' lang='lat' dir='ltr'><strong>duo</strong></span> <span class='ocrx_word' id='word_1_30' title='bbox 2490 666 2774 749; x_wconf 72' lang='grc' dir='ltr'><strong>’τρνβλία</strong></span> 
     </span>
     <span class='ocr_line' id='line_1_5' title="bbox 519 767 2776 849; baseline -0 -19"><span class='ocrx_word' id='word_1_31' title='bbox 519 805 602 817; x_wconf 93' lang='grc'><strong>-</strong></span> <span class='ocrx_word' id='word_1_32' title='bbox 645 775 739 830; x_wconf 90' lang='lat' dir='ltr'><strong>tot</strong></span> <span class='ocrx_word' id='word_1_33' title='bbox 782 770 947 830; x_wconf 87' lang='lat' dir='ltr'><strong>euim</strong></span> <span class='ocrx_word' id='word_1_34' title='bbox 993 767 1331 849; x_wconf 79' lang='lat' dir='ltr'>arripuisse</span> <span class='ocrx_word' id='word_1_35' title='bbox 1387 767 1785 848; x_wconf 88' lang='lat' dir='ltr'><strong>Euelpidem,</strong></span> <span class='ocrx_word' id='word_1_36' title='bbox 1826 768 2202 848; x_wconf 74' lang='lat' dir='ltr'><strong>perspicitur</strong></span> <span class='ocrx_word' id='word_1_37' title='bbox 2229 771 2473 831; x_wconf 51' lang='lat' dir='ltr'><strong>›ex··Vs.</strong></span> <span class='ocrx_word' id='word_1_38' title='bbox 2502 768 2647 843; x_wconf 86' lang='grc'><strong>387,</strong></span> <span class='ocrx_word' id='word_1_39' title='bbox 2674 797 2776 813; x_wconf 87' lang='lat'><strong>—-—</strong></span> 
     </span>
     <span class='ocr_line' id='line_1_6' title="bbox 513 868 2774 950; baseline 0.001 -22"><span class='ocrx_word' id='word_1_40' title='bbox 513 871 575 929; x_wconf 90' lang='lat' dir='ltr'><strong>in</strong></span> <span class='ocrx_word' id='word_1_41' title='bbox 602 870 696 943; x_wconf 92' lang='lat' dir='ltr'><strong>iis,</strong></span> <span class='ocrx_word' id='word_1_42' title='bbox 741 886 905 949; x_wconf 76' lang='lat' dir='ltr'><strong>quae</strong></span> <span class='ocrx_word' id='word_1_43' title='bbox 947 887 1137 948; x_wconf 89' lang='lat' dir='ltr'><strong>supra</strong></span> <span class='ocrx_word' id='word_1_44' title='bbox 1179 877 1648 947; x_wconf 71' lang='lat' dir='ltr'><strong>repraesentata</strong></span> <span class='ocrx_word' id='word_1_45' title='bbox 1682 879 1844 944; x_wconf 86' lang='lat' dir='ltr'><strong>sunt,</strong></span> <span class='ocrx_word' id='word_1_46' title='bbox 1885 869 2022 948; x_wconf 89' lang='lat' dir='ltr'><strong>ipse</strong></span> <span class='ocrx_word' id='word_1_47' title='bbox 2054 868 2774 950; x_wconf 69' lang='lat' dir='ltr'><strong>&#39;satis·declarat-T·poeta,</strong></span> 
     </span>
     <span class='ocr_line' id='line_1_7' title="bbox 518 961 2773 1051; baseline 0.001 -22"><span class='ocrx_word' id='word_1_48' title='bbox 518 978 580 1030; x_wconf 90' lang='lat' dir='ltr'><strong>et</strong></span> <span class='ocrx_word' id='word_1_49' title='bbox 621 970 893 1047; x_wconf 81' lang='lat' dir='ltr'><strong>apertius</strong></span> <span class='ocrx_word' id='word_1_50' title='bbox 945 970 1130 1029; x_wconf 91' lang='lat' dir='ltr'><strong>etiam</strong></span> <span class='ocrx_word' id='word_1_51' title='bbox 1173 969 1337 1029; x_wconf 84' lang='lat' dir='ltr'><strong>infra</strong></span> <span class='ocrx_word' id='word_1_52' title='bbox 1378 971 1484 1030; x_wconf 91' lang='lat' dir='ltr'><strong>Vs.</strong></span> <span class='ocrx_word' id='word_1_53' title='bbox 1535 970 1662 1030; x_wconf 82' lang='lat'><strong>388</strong></span> <span class='ocrx_word' id='word_1_54' title='bbox 1705 965 1826 1033; x_wconf 79' lang='grc' dir='ltr'><strong>τὸν</strong></span> <span class='ocrx_word' id='word_1_55' title='bbox 1870 961 2219 1051; x_wconf 75' lang='grc' dir='ltr'><strong><em>ὀβελίσκον</em></strong></span> <span class='ocrx_word' id='word_1_56' title='bbox 2258 976 2443 1032; x_wconf 82' lang='lat' dir='ltr'><strong>vocat</strong></span> <span class='ocrx_word' id='word_1_57' title='bbox 2482 963 2773 1049; x_wconf 71' lang='grc' dir='ltr'><strong>τὸδ’ὀρυι</strong></span> 
     </span>
     <span class='ocr_line' id='line_1_8' title="bbox 517 1068 2775 1149; baseline 0 -20"><span class='ocrx_word' id='word_1_58' title='bbox 517 1071 629 1131; x_wconf 90' lang='lat' dir='ltr'><strong>sed</strong></span> <span class='ocrx_word' id='word_1_59' title='bbox 656 1069 948 1148; x_wconf 89' lang='lat' dir='ltr'><strong>Euelpidi</strong></span> <span class='ocrx_word' id='word_1_60' title='bbox 996 1071 1074 1130; x_wconf 91' lang='lat' dir='ltr'><strong>de</strong></span> <span class='ocrx_word' id='word_1_61' title='bbox 1117 1089 1235 1131; x_wconf 91' lang='lat' dir='ltr'><strong>usu</strong></span> <span class='ocrx_word' id='word_1_62' title='bbox 1266 1069 1445 1138; x_wconf 56' lang='lat' dir='ltr'><strong>ollae«.⁴</strong></span> <span class='ocrx_word' id='word_1_63' title='bbox 1475 1068 1884 1149; x_wconf 77' lang='lat' dir='ltr'><strong>interroganti</strong></span> <span class='ocrx_word' id='word_1_64' title='bbox 1929 1087 2090 1148; x_wconf 90' lang='lat' dir='ltr'><strong>quae</strong></span> <span class='ocrx_word' id='word_1_65' title='bbox 2140 1070 2624 1149; x_wconf 83' lang='lat' dir='ltr'><strong>respondentem</strong></span> <span class='ocrx_word' id='word_1_66' title='bbox 2667 1069 2775 1130; x_wconf 85' lang='lat' dir='ltr'><strong>fe-</strong></span> 
     </span>
     <span class='ocr_line' id='line_1_9' title="bbox 520 1168 2773 1249; baseline -0.001 -17"><span class='ocrx_word' id='word_1_67' title='bbox 520 1171 604 1232; x_wconf 89' lang='lat' dir='ltr'><strong>cit</strong></span> <span class='ocrx_word' id='word_1_68' title='bbox 661 1170 1112 1231; x_wconf 84' lang='lat' dir='ltr'><strong>Pisthetaerum</strong></span> <span class='ocrx_word' id='word_1_69' title='bbox 1172 1178 1399 1249; x_wconf 91' lang='lat' dir='ltr'><strong>poeta,</strong></span> <span class='ocrx_word' id='word_1_70' title='bbox 1477 1189 1606 1231; x_wconf 87' lang='lat' dir='ltr'><strong>non</strong></span> <span class='ocrx_word' id='word_1_71' title='bbox 1670 1177 1815 1231; x_wconf 87' lang='lat' dir='ltr'><strong>suut</strong></span> <span class='ocrx_word' id='word_1_72' title='bbox 1872 1168 1961 1231; x_wconf 85' lang='lat' dir='ltr'><strong>ita</strong></span> <span class='ocrx_word' id='word_1_73' title='bbox 2013 1176 2413 1248; x_wconf 89' lang='lat' dir='ltr'><strong>comparata,</strong></span> <span class='ocrx_word' id='word_1_74' title='bbox 2464 1176 2548 1231; x_wconf 64' lang='lat' dir='ltr'><strong>‘ut</strong></span> <span class='ocrx_word' id='word_1_75' title='bbox 2588 1168 2773 1231; x_wconf 80' lang='lat' dir='ltr'><strong>facile</strong></span> 
     </span>
     <span class='ocr_line' id='line_1_10' title="bbox 517 1269 2773 1348; baseline 0.001 -20"><span class='ocrx_word' id='word_1_76' title='bbox 517 1275 849 1348; x_wconf 79' lang='lat' dir='ltr'><strong>appareat,</strong></span> <span class='ocrx_word' id='word_1_77' title='bbox 894 1271 975 1327; x_wconf 92' lang='lat' dir='ltr'><strong>ad</strong></span> <span class='ocrx_word' id='word_1_78' title='bbox 1020 1287 1205 1347; x_wconf 85' lang='lat' dir='ltr'><strong>quam</strong></span> <span class='ocrx_word' id='word_1_79' title='bbox 1249 1269 1456 1347; x_wconf 64' lang='lat' dir='ltr'><strong>gravis</strong></span> <span class='ocrx_word' id='word_1_80' title='bbox 1485 1275 1870 1332; x_wconf 74' lang='lat' dir='ltr'><strong>armaturae,</strong></span> <span class='ocrx_word' id='word_1_81' title='bbox 1901 1276 2145 1346; x_wconf 82' lang='lat' dir='ltr'><strong>partem</strong></span> <span class='ocrx_word' id='word_1_82' title='bbox 2187 1271 2773 1348; x_wconf 87' lang='lat' dir='ltr'><strong>repraesentandam</strong></span> 
     </span>
     <span class='ocr_line' id='line_1_11' title="bbox 518 1366 2773 1448; baseline 0 -20"><span class='ocrx_word' id='word_1_83' title='bbox 518 1368 649 1428; x_wconf 90' lang='lat' dir='ltr'><strong>olla</strong></span> <span class='ocrx_word' id='word_1_84' title='bbox 691 1367 773 1428; x_wconf 89' lang='lat' dir='ltr'><strong>sit</strong></span> <span class='ocrx_word' id='word_1_85' title='bbox 813 1366 1130 1441; x_wconf 90' lang='lat' dir='ltr'><strong>adhibita.</strong></span> <span class='ocrx_word' id='word_1_86' title='bbox 1210 1366 1551 1426; x_wconf 85' lang='lat' dir='ltr'><strong>Audiamus</strong></span> <span class='ocrx_word' id='word_1_87' title='bbox 1606 1367 1873 1445; x_wconf 87' lang='lat' dir='ltr'><strong>primum</strong></span> <span class='ocrx_word' id='word_1_88' title='bbox 1917 1369 1997 1428; x_wconf 88' lang='lat' dir='ltr'><strong>de</strong></span> <span class='ocrx_word' id='word_1_89' title='bbox 2051 1367 2174 1429; x_wconf 87' lang='lat' dir='ltr'><strong>hac</strong></span> <span class='ocrx_word' id='word_1_90' title='bbox 2214 1390 2285 1430; x_wconf 87' lang='lat' dir='ltr'><strong>re</strong></span> <span class='ocrx_word' id='word_1_91' title='bbox 2345 1389 2505 1448; x_wconf 85' lang='lat' dir='ltr'><strong>quae</strong></span> <span class='ocrx_word' id='word_1_92' title='bbox 2563 1373 2773 1431; x_wconf 91' lang='lat' dir='ltr'><strong>disse-</strong></span> 
     </span>
     <span class='ocr_line' id='line_1_12' title="bbox 513 1465 2793 1550; baseline 0.003 -23"><span class='ocrx_word' id='word_1_93' title='bbox 513 1472 771 1528; x_wconf 87' lang='lat' dir='ltr'><strong>ruerunt</strong></span> <span class='ocrx_word' id='word_1_94' title='bbox 808 1472 1052 1528; x_wconf 86' lang='lat' dir='ltr'><strong>veteres</strong></span> <span class='ocrx_word' id='word_1_95' title='bbox 1107 1466 1498 1545; x_wconf 86' lang='lat' dir='ltr'><strong>interpretes.</strong></span> <span class='ocrx_word' id='word_1_96' title='bbox 1584 1465 1909 1550; x_wconf 75' lang='grc' dir='ltr'><strong>Δίδυμος,</strong></span> <span class='ocrx_word' id='word_1_97' title='bbox 1972 1467 2059 1528; x_wconf 82' lang='lat' dir='ltr'><strong>ait</strong></span> <span class='ocrx_word' id='word_1_98' title='bbox 2096 1467 2473 1530; x_wconf 87' lang='lat' dir='ltr'><strong>scholiastes</strong></span> <span class='ocrx_word' id='word_1_99' title='bbox 2513 1469 2655 1530; x_wconf 90' lang='lat' dir='ltr'><strong>adn.</strong></span> <span class='ocrx_word' id='word_1_100' title='bbox 2693 1470 2793 1533; x_wconf 21' lang='lat' dir='ltr'><strong>ad.</strong></span> 
     </span>
    </p>
   </div>
   <div class='ocr_carea' id='block_1_3' title="bbox 514 1560 2869 1682">
    <p class='ocr_par' dir='ltr' id='par_1_3' title="bbox 514 1560 2869 1682">
     <span class='ocr_line' id='line_1_13' title="bbox 514 1560 2869 1682; baseline 0.001 -53"><span class='ocrx_word' id='word_1_101' title='bbox 514 1568 621 1629; x_wconf 74' lang='lat' dir='ltr'><strong>Vs-</strong></span> <span class='ocrx_word' id='word_1_102' title='bbox 666 1568 769 1642; x_wconf 97' lang='grc'><strong>43,</strong></span> <span class='ocrx_word' id='word_1_103' title='bbox 813 1566 883 1632; x_wconf 80' lang='grc' dir='ltr'><strong>δέ</strong></span> <span class='ocrx_word' id='word_1_104' title='bbox 926 1587 1128 1648; x_wconf 84' lang='grc' dir='ltr'><strong>φησιν</strong></span> <span class='ocrx_word' id='word_1_105' title='bbox 1183 1562 1599 1682; x_wconf 73' lang='grc' dir='ltr'><strong>ἇμυντὴρια</strong></span> <span class='ocrx_word' id='word_1_106' title='bbox 1611 1560 1860 1640; x_wconf 72' lang='grc' dir='ltr'><strong>αὐτους</strong></span> <span class='ocrx_word' id='word_1_107' title='bbox 1907 1569 2039 1655; x_wconf 81' lang='grc' dir='ltr'><strong>τῶν</strong></span> <span class='ocrx_word' id='word_1_108' title='bbox 2099 1562 2339 1652; x_wconf 80' lang='grc' dir='ltr'><strong><em>ὀρνέων</em></strong></span> <span class='ocrx_word' id='word_1_109' title='bbox 2395 1565 2777 1654; x_wconf 76' lang='grc' dir='ltr'><strong>βαστάζειν,</strong></span> <span class='ocrx_word' id='word_1_110' title='bbox 2867 1628 2869 1631; x_wconf 86' lang='grc'>.</span> 
     </span>
    </p>
   </div>
   <div class='ocr_carea' id='block_1_4' title="bbox 515 1660 2776 1944">
    <p class='ocr_par' dir='ltr' id='par_1_4' title="bbox 515 1660 2776 1943">
     <span class='ocr_line' id='line_1_14' title="bbox 516 1660 2775 1754; baseline 0.002 -23"><span class='ocrx_word' id='word_1_111' title='bbox 516 1662 670 1732; x_wconf 73' lang='grc' dir='ltr'><strong>ἀντὶ</strong></span> <span class='ocrx_word' id='word_1_112' title='bbox 714 1664 930 1732; x_wconf 83' lang='grc' dir='ltr'><strong><em>ὅπλου</em></strong></span> <span class='ocrx_word' id='word_1_113' title='bbox 969 1669 1104 1747; x_wconf 81' lang='grc' dir='ltr'><strong>μὲν</strong></span> <span class='ocrx_word' id='word_1_114' title='bbox 1149 1660 1225 1728; x_wconf 83' lang='grc' dir='ltr'>τὸ</span> <span class='ocrx_word' id='word_1_115' title='bbox 1274 1666 1571 1741; x_wconf 78' lang='grc' dir='ltr'><strong><em>κανοῦν,</em></strong></span> <span class='ocrx_word' id='word_1_116' title='bbox 1612 1660 1764 1730; x_wconf 78' lang='grc' dir='ltr'><strong><em>α’ντὶ</em></strong></span> <span class='ocrx_word' id='word_1_117' title='bbox 1790 1666 1885 1743; x_wconf 71' lang='grc' dir='ltr'><strong>δὲ</strong></span> <span class='ocrx_word' id='word_1_118' title='bbox 1928 1670 2444 1748; x_wconf 79' lang='grc' dir='ltr'><strong>περικεφαλαίας</strong></span> <span class='ocrx_word' id='word_1_119' title='bbox 2486 1664 2610 1752; x_wconf 73' lang='grc' dir='ltr'><strong>τήν</strong></span> <span class='ocrx_word' id='word_1_120' title='bbox 2649 1669 2775 1754; x_wconf 80' lang='grc' dir='ltr'><strong>χύ-</strong></span> 
     </span>
     <span class='ocr_line' id='line_1_15' title="bbox 515 1747 2776 1849; baseline 0.001 -21"><span class='ocrx_word' id='word_1_121' title='bbox 515 1790 708 1845; x_wconf 81' lang='grc' dir='ltr'><strong>τραν,</strong></span> <span class='ocrx_word' id='word_1_122' title='bbox 777 1770 889 1829; x_wconf 82' lang='grc' dir='ltr'><strong>ἵνα</strong></span> <span class='ocrx_word' id='word_1_123' title='bbox 946 1760 1048 1844; x_wconf 79' lang='grc' dir='ltr'><em>μή</em></span> <span class='ocrx_word' id='word_1_124' title='bbox 1122 1747 1549 1844; x_wconf 78' lang='grc' dir='ltr'><strong>ἒφιπτᾶμενα</strong></span> <span class='ocrx_word' id='word_1_125' title='bbox 1613 1787 1696 1827; x_wconf 87' lang='grc' dir='ltr'><strong>τα</strong></span> <span class='ocrx_word' id='word_1_126' title='bbox 1741 1760 1939 1844; x_wconf 77' lang='grc' dir='ltr'><strong><em>ορνεσί</em></strong></span> <span class='ocrx_word' id='word_1_127' title='bbox 1971 1764 2198 1849; x_wconf 76' lang='grc' dir='ltr'><strong>τύπτη</strong></span> <span class='ocrx_word' id='word_1_128' title='bbox 2257 1764 2524 1839; x_wconf 73' lang='grc' dir='ltr'><strong>αὐτούς.</strong></span> <span class='ocrx_word' id='word_1_129' title='bbox 2613 1770 2776 1830; x_wconf 91' lang='lat' dir='ltr'><strong>Sane</strong></span> 
     </span>
     <span class='ocr_line' id='line_1_16' title="bbox 515 1861 2773 1944; baseline 0.003 -21"><span class='ocrx_word' id='word_1_130' title='bbox 515 1864 716 1935; x_wconf 91' lang='lat' dir='ltr'><strong>ollae,</strong></span> <span class='ocrx_word' id='word_1_131' title='bbox 761 1880 914 1940; x_wconf 90' lang='lat' dir='ltr'><strong>quas</strong></span> <span class='ocrx_word' id='word_1_132' title='bbox 958 1861 1436 1940; x_wconf 90' lang='lat' dir='ltr'><strong>prehendendas</strong></span> <span class='ocrx_word' id='word_1_133' title='bbox 1482 1881 1621 1923; x_wconf 88' lang='lat' dir='ltr'><strong>esse</strong></span> <span class='ocrx_word' id='word_1_134' title='bbox 1664 1862 1970 1943; x_wconf 85' lang='lat' dir='ltr'><strong>siguificat</strong></span> <span class='ocrx_word' id='word_1_135' title='bbox 2010 1863 2432 1926; x_wconf 88' lang='lat' dir='ltr'><strong>Pisthetaerus</strong></span> <span class='ocrx_word' id='word_1_136' title='bbox 2490 1867 2594 1928; x_wconf 80' lang='lat' dir='ltr'><strong>Vs·</strong></span> <span class='ocrx_word' id='word_1_137' title='bbox 2628 1868 2773 1944; x_wconf 88' lang='grc'><strong>357,</strong></span> 
     </span>
    </p>
   </div>
   <div class='ocr_carea' id='block_1_5' title="bbox 518 1954 2775 2048">
    <p class='ocr_par' dir='ltr' id='par_1_5' title="bbox 518 1954 2775 2048">
     <span class='ocr_line' id='line_1_17' title="bbox 518 1954 2775 2048; baseline 0.002 -24"><span class='ocrx_word' id='word_1_138' title='bbox 518 1981 632 2024; x_wconf 91' lang='lat' dir='ltr'><strong>eae</strong></span> <span class='ocrx_word' id='word_1_139' title='bbox 689 1962 866 2042; x_wconf 90' lang='lat' dir='ltr'><strong>ipsae</strong></span> <span class='ocrx_word' id='word_1_140' title='bbox 924 1966 1097 2035; x_wconf 90' lang='lat' dir='ltr'><strong>sunt,</strong></span> <span class='ocrx_word' id='word_1_141' title='bbox 1161 1979 1316 2040; x_wconf 87' lang='lat' dir='ltr'><strong>quas</strong></span> <span class='ocrx_word' id='word_1_142' title='bbox 1377 1980 1600 2043; x_wconf 14' lang='lat' dir='ltr'><strong>secum·</strong></span> <span class='ocrx_word' id='word_1_143' title='bbox 1646 1954 1861 2048; x_wconf 89' lang='lat' dir='ltr'><strong>tulisse</strong></span> <span class='ocrx_word' id='word_1_144' title='bbox 1926 1969 2177 2024; x_wconf 90' lang='lat' dir='ltr'><strong>nostros</strong></span> <span class='ocrx_word' id='word_1_145' title='bbox 2239 1964 2524 2027; x_wconf 91' lang='lat' dir='ltr'><strong>homines</strong></span> <span class='ocrx_word' id='word_1_146' title='bbox 2569 1968 2775 2030; x_wconf 87' lang='lat' dir='ltr'><strong>Athe-</strong></span> 
     </span>
    </p>
   </div>
   <div class='ocr_carea' id='block_1_6' title="bbox 510 2056 2801 4341">
    <p class='ocr_par' dir='ltr' id='par_1_6' title="bbox 510 2056 2801 4341">
     <span class='ocr_line' id='line_1_18' title="bbox 514 2056 2777 2141; baseline 0.003 -20"><span class='ocrx_word' id='word_1_147' title='bbox 514 2063 794 2134; x_wconf 78' lang='lat' dir='ltr'><strong>nienseS,</strong></span> <span class='ocrx_word' id='word_1_148' title='bbox 841 2080 918 2121; x_wconf 87' lang='lat' dir='ltr'><strong>ex</strong></span> <span class='ocrx_word' id='word_1_149' title='bbox 959 2062 1065 2120; x_wconf 80' lang='lat' dir='ltr'><strong>Vs·</strong></span> <span class='ocrx_word' id='word_1_150' title='bbox 1098 2062 1180 2121; x_wconf 87' lang='grc'><strong>43</strong></span> <span class='ocrx_word' id='word_1_151' title='bbox 1228 2056 1700 2140; x_wconf 82' lang='lat' dir='ltr'><strong>cognoscimus.·</strong></span> <span class='ocrx_word' id='word_1_152' title='bbox 1768 2062 1929 2135; x_wconf 90' lang='lat' dir='ltr'><strong>Sed,</strong></span> <span class='ocrx_word' id='word_1_153' title='bbox 1975 2080 2136 2141; x_wconf 86' lang='lat' dir='ltr'><strong>quae</strong></span> <span class='ocrx_word' id='word_1_154' title='bbox 2183 2065 2263 2123; x_wconf 91' lang='lat' dir='ltr'><strong>de</strong></span> <span class='ocrx_word' id='word_1_155' title='bbox 2308 2065 2576 2125; x_wconf 87' lang='lat' dir='ltr'><strong>canistro</strong></span> <span class='ocrx_word' id='word_1_156' title='bbox 2623 2068 2777 2128; x_wconf 88' lang='lat' dir='ltr'><strong>dixit</strong></span> 
     </span>
     <span class='ocr_line' id='line_1_19' title="bbox 515 2156 2777 2241; baseline 0.003 -22"><span class='ocrx_word' id='word_1_157' title='bbox 515 2161 850 2240; x_wconf 82' lang='lat' dir='ltr'><strong>Didymus,</strong></span> <span class='ocrx_word' id='word_1_158' title='bbox 907 2156 1068 2217; x_wconf 86' lang='lat' dir='ltr'><strong>falsa</strong></span> <span class='ocrx_word' id='word_1_159' title='bbox 1114 2175 1286 2231; x_wconf 91' lang='lat' dir='ltr'><strong>esse,</strong></span> <span class='ocrx_word' id='word_1_160' title='bbox 1329 2159 1524 2217; x_wconf 85' lang='lat' dir='ltr'><strong>verba</strong></span> <span class='ocrx_word' id='word_1_161' title='bbox 1566 2156 2001 2235; x_wconf 71' lang='lat' dir='ltr'><strong>Aristophanis</strong></span> <span class='ocrx_word' id='word_1_162' title='bbox 2060 2158 2248 2238; x_wconf 74' lang='lat' dir='ltr'><strong>&#39;supra</strong></span> <span class='ocrx_word' id='word_1_163' title='bbox 2294 2164 2602 2241; x_wconf 86' lang='lat' dir='ltr'><strong>exscripta</strong></span> <span class='ocrx_word' id='word_1_164' title='bbox 2645 2166 2777 2226; x_wconf 90' lang='lat' dir='ltr'><strong>do-</strong></span> 
     </span>
     <span class='ocr_line' id='line_1_20' title="bbox 513 2253 2774 2328; baseline 0.001 -4"><span class='ocrx_word' id='word_1_165' title='bbox 513 2267 670 2324; x_wconf 88' lang='lat' dir='ltr'><strong>cent.</strong></span> <span class='ocrx_word' id='word_1_166' title='bbox 757 2258 992 2319; x_wconf 87' lang='lat' dir='ltr'><strong>Contra</strong></span> <span class='ocrx_word' id='word_1_167' title='bbox 1047 2258 1419 2320; x_wconf 81' lang='lat' dir='ltr'><strong>scholiastes</strong></span> <span class='ocrx_word' id='word_1_168' title='bbox 1486 2259 1570 2320; x_wconf 91' lang='lat' dir='ltr'><strong>ad</strong></span> <span class='ocrx_word' id='word_1_169' title='bbox 1631 2259 1738 2320; x_wconf 89' lang='lat' dir='ltr'><strong>Vs.</strong></span> <span class='ocrx_word' id='word_1_170' title='bbox 1769 2253 1912 2319; x_wconf 63' lang='lat'><strong>386²</strong></span> <span class='ocrx_word' id='word_1_171' title='bbox 1939 2264 2002 2319; x_wconf 86' lang='lat' dir='ltr'><strong>et</strong></span> <span class='ocrx_word' id='word_1_172' title='bbox 2042 2259 2169 2321; x_wconf 83' lang='lat'><strong>390</strong></span> <span class='ocrx_word' id='word_1_173' title='bbox 2210 2260 2372 2322; x_wconf 91' lang='lat' dir='ltr'><strong>haec</strong></span> <span class='ocrx_word' id='word_1_174' title='bbox 2415 2263 2774 2328; x_wconf 81' lang='lat' dir='ltr'><strong>adnotavit:</strong></span> 
     </span>
     <span class='ocr_line' id='line_1_21' title="bbox 513 2352 2776 2447; baseline 0.004 -26"><span class='ocrx_word' id='word_1_175' title='bbox 513 2360 614 2422; x_wconf 77' lang='grc' dir='ltr'><strong>καὶ</strong></span> <span class='ocrx_word' id='word_1_176' title='bbox 661 2352 781 2423; x_wconf 83' lang='grc' dir='ltr'><strong>τὸν</strong></span> <span class='ocrx_word' id='word_1_177' title='bbox 825 2356 1175 2441; x_wconf 79' lang='grc' dir='ltr'><strong>ὀβελίσκον</strong></span> <span class='ocrx_word' id='word_1_178' title='bbox 1214 2357 1322 2432; x_wconf 72' lang='grc' dir='ltr'><strong>δέ,</strong></span> <span class='ocrx_word' id='word_1_179' title='bbox 1364 2352 1598 2441; x_wconf 86' lang='grc' dir='ltr'><strong><em>φησίν,</em></strong></span> <span class='ocrx_word' id='word_1_180' title='bbox 1659 2356 1839 2429; x_wconf 73' lang='grc' dir='ltr'><strong>ὅστις</strong></span> <span class='ocrx_word' id='word_1_181' title='bbox 1879 2358 2062 2423; x_wconf 79' lang='grc' dir='ltr'><strong><em>ἐστὶν</em></strong></span> <span class='ocrx_word' id='word_1_182' title='bbox 2117 2354 2310 2442; x_wconf 79' lang='grc' dir='ltr'><strong>ἡμῶν</strong></span> <span class='ocrx_word' id='word_1_183' title='bbox 2353 2357 2547 2447; x_wconf 79' lang='grc' dir='ltr'><strong><em>δόρυ,</em></strong></span> <span class='ocrx_word' id='word_1_184' title='bbox 2589 2358 2776 2437; x_wconf 76' lang='grc' dir='ltr'><strong>ἐντὸς</strong></span> 
     </span>
     <span class='ocr_line' id='line_1_22' title="bbox 510 2451 2772 2550; baseline 0.003 -27"><span class='ocrx_word' id='word_1_185' title='bbox 510 2459 641 2523; x_wconf 81' lang='grc' dir='ltr'><strong>τῶν</strong></span> <span class='ocrx_word' id='word_1_186' title='bbox 683 2453 910 2523; x_wconf 83' lang='grc' dir='ltr'><strong><em>ὅπλων</em></strong></span> <span class='ocrx_word' id='word_1_187' title='bbox 949 2452 1069 2543; x_wconf 74' lang='grc' dir='ltr'><strong>χρὴ</strong></span> <span class='ocrx_word' id='word_1_188' title='bbox 1110 2451 1353 2523; x_wconf 80' lang='grc' dir='ltr'><strong>λοιπὸν</strong></span> <span class='ocrx_word' id='word_1_189' title='bbox 1385 2462 1575 2544; x_wconf 75' lang='grc' dir='ltr'><strong>ἔχειν·</strong></span> <span class='ocrx_word' id='word_1_190' title='bbox 1628 2458 1850 2542; x_wconf 75' lang='grc' dir='ltr'><strong>λέγει</strong></span> <span class='ocrx_word' id='word_1_191' title='bbox 1893 2459 1979 2525; x_wconf 72' lang='grc' dir='ltr'><strong>δὲ</strong></span> <span class='ocrx_word' id='word_1_192' title='bbox 2021 2456 2202 2527; x_wconf 77' lang='grc' dir='ltr'><strong><em>α’ντὶ</em></strong></span> <span class='ocrx_word' id='word_1_193' title='bbox 2251 2463 2409 2530; x_wconf 73' lang='grc' dir='ltr'><strong>τῶν</strong></span> <span class='ocrx_word' id='word_1_194' title='bbox 2436 2464 2772 2550; x_wconf 79' lang='grc' dir='ltr'><strong>’·χυτρῶν.</strong></span> 
     </span>
     <span class='ocr_line' id='line_1_23' title="bbox 510 2555 2774 2648; baseline 0.002 -22"><span class='ocrx_word' id='word_1_195' title='bbox 510 2567 674 2631; x_wconf 73' lang='grc' dir='ltr'><strong><em>ε”θος</em></strong></span> <span class='ocrx_word' id='word_1_196' title='bbox 736 2556 806 2623; x_wconf 76' lang='grc' dir='ltr'><strong>δὲ</strong></span> <span class='ocrx_word' id='word_1_197' title='bbox 866 2558 1046 2644; x_wconf 81' lang='grc' dir='ltr'><strong><em>εἶχον</em></strong></span> <span class='ocrx_word' id='word_1_198' title='bbox 1107 2561 1227 2622; x_wconf 76' lang='grc' dir='ltr'><strong>ἔσω</strong></span> <span class='ocrx_word' id='word_1_199' title='bbox 1271 2557 1406 2620; x_wconf 74' lang='grc' dir='ltr'><strong>τῶν</strong></span> <span class='ocrx_word' id='word_1_200' title='bbox 1445 2557 1744 2623; x_wconf 82' lang='grc' dir='ltr'><strong><em>οἷσπίδων</em></strong></span> <span class='ocrx_word' id='word_1_201' title='bbox 1785 2564 1961 2648; x_wconf 74' lang='grc' dir='ltr'><strong>ἔχειν</strong></span> <span class='ocrx_word' id='word_1_202' title='bbox 2003 2555 2087 2626; x_wconf 74' lang='grc' dir='ltr'><strong>τοὶ</strong></span> <span class='ocrx_word' id='word_1_203' title='bbox 2154 2559 2422 2644; x_wconf 78' lang='grc' dir='ltr'><strong>δόρατα.</strong></span> <span class='ocrx_word' id='word_1_204' title='bbox 2486 2598 2573 2612; x_wconf 92' lang='grc'><strong>-</strong></span> <span class='ocrx_word' id='word_1_205' title='bbox 2639 2567 2774 2631; x_wconf 78' lang='grc' dir='ltr'><strong>τῶν</strong></span> 
     </span>
     <span class='ocr_line' id='line_1_24' title="bbox 513 2654 2773 2746; baseline 0.003 -23"><span class='ocrx_word' id='word_1_206' title='bbox 513 2655 738 2724; x_wconf 86' lang='grc' dir='ltr'><strong><em>ὅπλων</em></strong></span> <span class='ocrx_word' id='word_1_207' title='bbox 779 2654 1003 2728; x_wconf 74' lang='grc' dir='ltr'><strong><em>ἐντόςε</em></strong></span> <span class='ocrx_word' id='word_1_208' title='bbox 1058 2658 1393 2742; x_wconf 79' lang='grc' dir='ltr'><strong>Κέχρηται</strong></span> <span class='ocrx_word' id='word_1_209' title='bbox 1437 2659 1520 2740; x_wconf 76' lang='grc' dir='ltr'><strong>τῇ</strong></span> <span class='ocrx_word' id='word_1_210' title='bbox 1563 2659 1730 2737; x_wconf 75' lang='grc' dir='ltr'><strong>λέξει</strong></span> <span class='ocrx_word' id='word_1_211' title='bbox 1769 2658 1922 2727; x_wconf 78' lang='grc' dir='ltr'><strong><em>α’ντὶ</em></strong></span> <span class='ocrx_word' id='word_1_212' title='bbox 1983 2663 2118 2729; x_wconf 81' lang='grc' dir='ltr'><strong>ταῖν</strong></span> <span class='ocrx_word' id='word_1_213' title='bbox 2172 2662 2482 2746; x_wconf 74' lang='grc' dir='ltr'><strong>ἱματίων,</strong></span> <span class='ocrx_word' id='word_1_214' title='bbox 2539 2661 2773 2730; x_wconf 71' lang='grc' dir='ltr'><strong><em>ὡσανεὶ</em></strong></span> 
     </span>
     <span class='ocr_line' id='line_1_25' title="bbox 515 2748 2801 2846; baseline 0.003 -26"><span class='ocrx_word' id='word_1_215' title='bbox 515 2757 703 2830; x_wconf 86' lang='grc' dir='ltr'><strong>εἶπε,</strong></span> <span class='ocrx_word' id='word_1_216' title='bbox 741 2757 872 2821; x_wconf 75' lang='grc' dir='ltr'><strong>καὶ</strong></span> <span class='ocrx_word' id='word_1_217' title='bbox 915 2760 1142 2838; x_wconf 83' lang='grc' dir='ltr'><strong>ἔχειν</strong></span> <span class='ocrx_word' id='word_1_218' title='bbox 1182 2750 1269 2826; x_wconf 85' lang='grc' dir='ltr'>τὸ</span> <span class='ocrx_word' id='word_1_219' title='bbox 1313 2748 1505 2838; x_wconf 82' lang='grc' dir='ltr'><strong>δόρν</strong></span> <span class='ocrx_word' id='word_1_220' title='bbox 1546 2751 1776 2839; x_wconf 77' lang='grc' dir='ltr'><strong><em>παροὶ</em></strong></span> <span class='ocrx_word' id='word_1_221' title='bbox 1820 2756 1974 2841; x_wconf 73' lang='grc' dir='ltr'><strong>τήν</strong></span> <span class='ocrx_word' id='word_1_222' title='bbox 2019 2754 2338 2826; x_wconf 70' lang='grc' dir='ltr'><strong><em>ἀσπίδα·</em></strong></span> <span class='ocrx_word' id='word_1_223' title='bbox 2422 2758 2597 2827; x_wconf 84' lang='grc' dir='ltr'><strong>οὕτω</strong></span> <span class='ocrx_word' id='word_1_224' title='bbox 2646 2758 2801 2846; x_wconf 75' lang='grc' dir='ltr'><strong>γοὲρ</strong></span> 
     </span>
     <span class='ocr_line' id='line_1_26' title="bbox 513 2849 2775 2936; baseline 0.003 -16"><span class='ocrx_word' id='word_1_225' title='bbox 513 2857 827 2921; x_wconf 80' lang='grc' dir='ltr'><strong>ποιοῦσιν</strong></span> <span class='ocrx_word' id='word_1_226' title='bbox 881 2859 948 2919; x_wconf 85' lang='grc' dir='ltr'><strong>οἱ</strong></span> <span class='ocrx_word' id='word_1_227' title='bbox 992 2854 1349 2934; x_wconf 79' lang='grc' dir='ltr'><strong>πολέμιοι,</strong></span> <span class='ocrx_word' id='word_1_228' title='bbox 1389 2855 1512 2921; x_wconf 78' lang='grc' dir='ltr'><strong>τοῦ</strong></span> <span class='ocrx_word' id='word_1_229' title='bbox 1549 2849 1651 2936; x_wconf 70' lang='grc' dir='ltr'><strong>μὴ</strong></span> <span class='ocrx_word' id='word_1_230' title='bbox 1691 2853 2004 2929; x_wconf 76' lang='grc' dir='ltr'><strong>ἐξόπλους</strong></span> <span class='ocrx_word' id='word_1_231' title='bbox 2063 2860 2272 2935; x_wconf 85' lang='grc' dir='ltr'><strong>εἶναι,</strong></span> <span class='ocrx_word' id='word_1_232' title='bbox 2335 2854 2502 2925; x_wconf 71' lang='grc' dir='ltr'><strong>ἄλλα</strong></span> <span class='ocrx_word' id='word_1_233' title='bbox 2546 2870 2775 2926; x_wconf 74' lang='grc' dir='ltr'><em>καθω-</em></span> 
     </span>
     <span class='ocr_line' id='line_1_27' title="bbox 513 2952 2774 3039; baseline 0.001 -21"><span class='ocrx_word' id='word_1_234' title='bbox 513 2952 813 3018; x_wconf 80' lang='grc' dir='ltr'><strong>πλίσθαι.</strong></span> <span class='ocrx_word' id='word_1_235' title='bbox 896 2953 1014 3012; x_wconf 91' lang='lat' dir='ltr'><strong>Hic</strong></span> <span class='ocrx_word' id='word_1_236' title='bbox 1055 2953 1240 3032; x_wconf 84' lang='lat' dir='ltr'><strong>igitur</strong></span> <span class='ocrx_word' id='word_1_237' title='bbox 1281 2953 1402 3013; x_wconf 92' lang='lat' dir='ltr'><strong>sibi</strong></span> <span class='ocrx_word' id='word_1_238' title='bbox 1444 2953 1784 3032; x_wconf 86' lang='lat' dir='ltr'><strong>persuasit,</strong></span> <span class='ocrx_word' id='word_1_239' title='bbox 1850 2955 2043 3015; x_wconf 91' lang='lat' dir='ltr'><strong>ollam</strong></span> <span class='ocrx_word' id='word_1_240' title='bbox 2100 2957 2248 3017; x_wconf 93' lang='lat' dir='ltr'><strong>loco</strong></span> <span class='ocrx_word' id='word_1_241' title='bbox 2317 2959 2522 3039; x_wconf 83' lang='lat' dir='ltr'><strong>clypei</strong></span> <span class='ocrx_word' id='word_1_242' title='bbox 2564 2960 2774 3021; x_wconf 84' lang='lat' dir='ltr'><strong>fuisse.</strong></span> 
     </span>
     <span class='ocr_line' id='line_1_28' title="bbox 512 3041 2775 3143; baseline 0.003 -29"><span class='ocrx_word' id='word_1_243' title='bbox 512 3054 781 3133; x_wconf 83' lang='lat' dir='ltr'><strong>Didymo</strong></span> <span class='ocrx_word' id='word_1_244' title='bbox 828 3053 1160 3111; x_wconf 89' lang='lat' dir='ltr'><strong>obsecutus</strong></span> <span class='ocrx_word' id='word_1_245' title='bbox 1205 3058 1299 3111; x_wconf 92' lang='lat' dir='ltr'><strong>est</strong></span> <span class='ocrx_word' id='word_1_246' title='bbox 1340 3053 1711 3114; x_wconf 89' lang='lat' dir='ltr'><strong>Theodorus</strong></span> <span class='ocrx_word' id='word_1_247' title='bbox 1755 3041 2037 3118; x_wconf 86' lang='lat' dir='ltr'><strong>Panofka</strong></span> <span class='ocrx_word' id='word_1_248' title='bbox 2089 3055 2269 3132; x_wconf 88' lang='lat' dir='ltr'><strong>libri,</strong></span> <span class='ocrx_word' id='word_1_249' title='bbox 2332 3059 2439 3143; x_wconf 83' lang='lat' dir='ltr'><strong>qui</strong></span> <span class='ocrx_word' id='word_1_250' title='bbox 2479 3058 2775 3121; x_wconf 82' lang='lat' dir='ltr'><strong>inscribi-</strong></span> 
     </span>
     <span class='ocr_line' id='line_1_29' title="bbox 515 3135 2774 3236; baseline 0.003 -21"><span class='ocrx_word' id='word_1_251' title='bbox 515 3162 653 3217; x_wconf 90' lang='lat' dir='ltr'><strong>tur.</strong></span> <span class='ocrx_word' id='word_1_252' title='bbox 724 3151 1119 3213; x_wconf 89' lang='lat' dir='ltr'><strong>Recherches</strong></span> <span class='ocrx_word' id='word_1_253' title='bbox 1193 3170 1300 3210; x_wconf 92' lang='lat' dir='ltr'><strong>sur</strong></span> <span class='ocrx_word' id='word_1_254' title='bbox 1361 3135 1454 3213; x_wconf 87' lang='lat' dir='ltr'><strong>les</strong></span> <span class='ocrx_word' id='word_1_255' title='bbox 1520 3152 1853 3214; x_wconf 77' lang='lat' dir='ltr'><strong>veritables</strong></span> <span class='ocrx_word' id='word_1_256' title='bbox 1915 3175 2097 3217; x_wconf 93' lang='lat' dir='ltr'><strong>noms</strong></span> <span class='ocrx_word' id='word_1_257' title='bbox 2155 3157 2264 3219; x_wconf 92' lang='lat' dir='ltr'><strong>des</strong></span> <span class='ocrx_word' id='word_1_258' title='bbox 2329 3177 2509 3220; x_wconf 86' lang='lat' dir='ltr'><strong>vases</strong></span> <span class='ocrx_word' id='word_1_259' title='bbox 2564 3159 2774 3236; x_wconf 88' lang='lat' dir='ltr'><strong>Grecs,</strong></span> 
     </span>
     <span class='ocr_line' id='line_1_30' title="bbox 512 3248 2776 3335; baseline 0.003 -20"><span class='ocrx_word' id='word_1_260' title='bbox 512 3276 572 3335; x_wconf 92' lang='lat' dir='ltr'><strong>p.</strong></span> <span class='ocrx_word' id='word_1_261' title='bbox 610 3255 687 3315; x_wconf 88' lang='lat'><strong>15</strong></span> <span class='ocrx_word' id='word_1_262' title='bbox 729 3273 821 3333; x_wconf 85' lang='lat' dir='ltr'><strong>sq.</strong></span> <span class='ocrx_word' id='word_1_263' title='bbox 883 3260 970 3326; x_wconf 92' lang='lat' dir='ltr'><strong>et,</strong></span> <span class='ocrx_word' id='word_1_264' title='bbox 1036 3259 1105 3312; x_wconf 91' lang='lat' dir='ltr'><strong>ut</strong></span> <span class='ocrx_word' id='word_1_265' title='bbox 1158 3249 1335 3310; x_wconf 90' lang='lat' dir='ltr'><strong>illam</strong></span> <span class='ocrx_word' id='word_1_266' title='bbox 1395 3248 1761 3312; x_wconf 81' lang='lat' dir='ltr'><strong>sententiam</strong></span> <span class='ocrx_word' id='word_1_267' title='bbox 1840 3252 2119 3330; x_wconf 84' lang='lat' dir='ltr'><strong>fulciret,</strong></span> <span class='ocrx_word' id='word_1_268' title='bbox 2183 3258 2511 3318; x_wconf 88' lang='lat' dir='ltr'><strong>advocavit</strong></span> <span class='ocrx_word' id='word_1_269' title='bbox 2567 3260 2776 3321; x_wconf 91' lang='lat' dir='ltr'><strong>locum</strong></span> 
     </span>
     <span class='ocr_line' id='line_1_31' title="bbox 513 3351 2774 3438; baseline 0.002 -23"><span class='ocrx_word' id='word_1_270' title='bbox 513 3355 800 3427; x_wconf 81' lang='lat' dir='ltr'><strong>PolluciS,</strong></span> <span class='ocrx_word' id='word_1_271' title='bbox 846 3354 951 3432; x_wconf 92' lang='lat' dir='ltr'><strong>qui</strong></span> <span class='ocrx_word' id='word_1_272' title='bbox 996 3360 1090 3412; x_wconf 91' lang='lat' dir='ltr'><strong>est</strong></span> <span class='ocrx_word' id='word_1_273' title='bbox 1129 3352 1239 3427; x_wconf 91' lang='lat' dir='ltr'><strong>IX,</strong></span> <span class='ocrx_word' id='word_1_274' title='bbox 1286 3352 1342 3427; x_wconf 91' lang='grc'><strong>7,</strong></span> <span class='ocrx_word' id='word_1_275' title='bbox 1391 3351 1531 3411; x_wconf 90' lang='grc'><strong>113.</strong></span> <span class='ocrx_word' id='word_1_276' title='bbox 1581 3354 1723 3428; x_wconf 86' lang='grc'><strong>114,</strong></span> <span class='ocrx_word' id='word_1_277' title='bbox 1766 3354 1929 3415; x_wconf 87' lang='lat' dir='ltr'><strong>falso</strong></span> <span class='ocrx_word' id='word_1_278' title='bbox 1973 3356 2037 3438; x_wconf 87' lang='lat' dir='ltr'><strong>iu</strong></span> <span class='ocrx_word' id='word_1_279' title='bbox 2092 3374 2450 3416; x_wconf 90' lang='lat' dir='ltr'><strong>sermonem</strong></span> <span class='ocrx_word' id='word_1_280' title='bbox 2489 3357 2774 3420; x_wconf 91' lang='lat' dir='ltr'><strong>Franco-</strong></span> 
     </span>
     <span class='ocr_line' id='line_1_32' title="bbox 514 3441 2774 3542; baseline 0.003 -28"><span class='ocrx_word' id='word_1_281' title='bbox 514 3454 805 3534; x_wconf 86' lang='lat' dir='ltr'><strong>gallicum</strong></span> <span class='ocrx_word' id='word_1_282' title='bbox 849 3470 1247 3525; x_wconf 86' lang='lat' dir='ltr'><strong>conversum,</strong></span> <span class='ocrx_word' id='word_1_283' title='bbox 1291 3468 1438 3511; x_wconf 90' lang='lat' dir='ltr'><strong>nam</strong></span> <span class='ocrx_word' id='word_1_284' title='bbox 1492 3451 1687 3528; x_wconf 85' lang='lat' dir='ltr'><strong>verba</strong></span> <span class='ocrx_word' id='word_1_285' title='bbox 1730 3457 1943 3539; x_wconf 80' lang='grc' dir='ltr'><strong>ἔχεται</strong></span> <span class='ocrx_word' id='word_1_286' title='bbox 1998 3441 2125 3538; x_wconf 65' lang='grc' dir='ltr'><strong>τῆς</strong></span> <span class='ocrx_word' id='word_1_287' title='bbox 2156 3454 2403 3542; x_wconf 75' lang='grc' dir='ltr'><strong><em>χύτρας</em></strong></span> <span class='ocrx_word' id='word_1_288' title='bbox 2446 3454 2608 3521; x_wconf 60' lang='lat' dir='ltr'><strong>uafro}</strong></span> <span class='ocrx_word' id='word_1_289' title='bbox 2652 3453 2774 3539; x_wconf 76' lang='grc' dir='ltr'><strong>τὴν</strong></span> 
     </span>
     <span class='ocr_line' id='line_1_33' title="bbox 518 3549 2772 3637; baseline 0.001 -21"><span class='ocrx_word' id='word_1_290' title='bbox 518 3549 807 3636; x_wconf 75' lang='grc' dir='ltr'><strong>κεφαλήν</strong></span> <span class='ocrx_word' id='word_1_291' title='bbox 852 3552 936 3635; x_wconf 82' lang='grc' dir='ltr'><strong>τῇ</strong></span> <span class='ocrx_word' id='word_1_292' title='bbox 974 3552 1135 3636; x_wconf 80' lang='grc' dir='ltr'><strong>χειρὶ</strong></span> <span class='ocrx_word' id='word_1_293' title='bbox 1178 3552 1260 3634; x_wconf 79' lang='grc' dir='ltr'><strong>τῇ</strong></span> <span class='ocrx_word' id='word_1_294' title='bbox 1305 3552 1461 3633; x_wconf 79' lang='grc' dir='ltr'><strong>λαιᾷ</strong></span> <span class='ocrx_word' id='word_1_295' title='bbox 1502 3566 1647 3610; x_wconf 89' lang='grc' dir='ltr'><strong>ιιοιι·</strong></span> <span class='ocrx_word' id='word_1_296' title='bbox 1678 3551 2064 3630; x_wconf 84' lang='lat' dir='ltr'><strong>significant:</strong></span> <span class='ocrx_word' id='word_1_297' title='bbox 2114 3555 2306 3616; x_wconf 86' lang='lat' dir='ltr'><strong>»tient</strong></span> <span class='ocrx_word' id='word_1_298' title='bbox 2347 3555 2410 3615; x_wconf 89' lang='lat' dir='ltr'><strong>la</strong></span> <span class='ocrx_word' id='word_1_299' title='bbox 2453 3556 2665 3637; x_wconf 78' lang='lat' dir='ltr'><strong>chytre</strong></span> <span class='ocrx_word' id='word_1_300' title='bbox 2694 3559 2772 3618; x_wconf 91' lang='lat' dir='ltr'><strong>de</strong></span> 
     </span>
     <span class='ocr_line' id='line_1_34' title="bbox 517 3650 2773 3732; baseline 0.002 -21"><span class='ocrx_word' id='word_1_301' title='bbox 517 3652 582 3711; x_wconf 92' lang='lat' dir='ltr'><strong>la</strong></span> <span class='ocrx_word' id='word_1_302' title='bbox 625 3652 789 3710; x_wconf 89' lang='lat' dir='ltr'><strong>main</strong></span> <span class='ocrx_word' id='word_1_303' title='bbox 830 3651 1071 3732; x_wconf 83' lang='lat' dir='ltr'><strong>g&#39;auche</strong></span> <span class='ocrx_word' id='word_1_304' title='bbox 1116 3656 1222 3710; x_wconf 85' lang='lat' dir='ltr'><strong>sur</strong></span> <span class='ocrx_word' id='word_1_305' title='bbox 1263 3650 1327 3710; x_wconf 88' lang='lat' dir='ltr'><strong>la</strong></span> <span class='ocrx_word' id='word_1_306' title='bbox 1370 3650 1555 3711; x_wconf 73' lang='lat' dir='ltr'><strong>tete».</strong></span> <span class='ocrx_word' id='word_1_307' title='bbox 1641 3650 1867 3710; x_wconf 91' lang='lat' dir='ltr'><strong>Iisdem</strong></span> <span class='ocrx_word' id='word_1_308' title='bbox 1923 3653 2076 3732; x_wconf 91' lang='lat' dir='ltr'><strong>ipsis</strong></span> <span class='ocrx_word' id='word_1_309' title='bbox 2132 3654 2400 3715; x_wconf 87' lang='lat' dir='ltr'><strong>Pollucis</strong></span> <span class='ocrx_word' id='word_1_310' title='bbox 2443 3657 2646 3716; x_wconf 86' lang='lat' dir='ltr'><strong>verbis</strong></span> <span class='ocrx_word' id='word_1_311' title='bbox 2691 3657 2773 3715; x_wconf 89' lang='lat' dir='ltr'><strong>ad</strong></span> 
     </span>
     <span class='ocr_line' id='line_1_35' title="bbox 516 3751 2774 3833; baseline 0 -20"><span class='ocrx_word' id='word_1_312' title='bbox 516 3755 685 3813; x_wconf 89' lang='lat' dir='ltr'><strong>hunc</strong></span> <span class='ocrx_word' id='word_1_313' title='bbox 744 3751 953 3809; x_wconf 90' lang='lat' dir='ltr'><strong>locum</strong></span> <span class='ocrx_word' id='word_1_314' title='bbox 1018 3751 1451 3829; x_wconf 88' lang='lat' dir='ltr'><strong>explicandum</strong></span> <span class='ocrx_word' id='word_1_315' title='bbox 1509 3752 2011 3833; x_wconf 83' lang='lat' dir='ltr'><strong>jamBerglerus</strong></span> <span class='ocrx_word' id='word_1_316' title='bbox 2063 3774 2210 3817; x_wconf 92' lang='lat' dir='ltr'><strong>usus</strong></span> <span class='ocrx_word' id='word_1_317' title='bbox 2255 3761 2419 3830; x_wconf 90' lang='lat' dir='ltr'><strong>erat,</strong></span> <span class='ocrx_word' id='word_1_318' title='bbox 2484 3754 2589 3833; x_wconf 87' lang='lat' dir='ltr'><strong>qui</strong></span> <span class='ocrx_word' id='word_1_319' title='bbox 2637 3756 2774 3816; x_wconf 85' lang='lat' dir='ltr'><strong>»vi-</strong></span> 
     </span>
     <span class='ocr_line' id='line_1_36' title="bbox 517 3848 2777 3932; baseline 0.003 -22"><span class='ocrx_word' id='word_1_320' title='bbox 517 3851 756 3924; x_wconf 79' lang='lat' dir='ltr'><strong>detur»,</strong></span> <span class='ocrx_word' id='word_1_321' title='bbox 800 3848 1034 3927; x_wconf 86' lang='lat' dir='ltr'><strong>inquit,</strong></span> <span class='ocrx_word' id='word_1_322' title='bbox 1102 3850 1291 3911; x_wconf 78' lang='lat' dir='ltr'><strong>»mihi</strong></span> <span class='ocrx_word' id='word_1_323' title='bbox 1346 3851 1661 3930; x_wconf 87' lang='lat' dir='ltr'><strong>respicere</strong></span> <span class='ocrx_word' id='word_1_324' title='bbox 1713 3851 1797 3912; x_wconf 88' lang='lat' dir='ltr'><strong>ad</strong></span> <span class='ocrx_word' id='word_1_325' title='bbox 1851 3851 2068 3914; x_wconf 89' lang='lat' dir='ltr'><strong>ludum</strong></span> <span class='ocrx_word' id='word_1_326' title='bbox 2108 3853 2321 3928; x_wconf 91' lang='lat' dir='ltr'><strong>illum,</strong></span> <span class='ocrx_word' id='word_1_327' title='bbox 2405 3855 2511 3932; x_wconf 84' lang='lat' dir='ltr'><strong>qui</strong></span> <span class='ocrx_word' id='word_1_328' title='bbox 2554 3852 2777 3917; x_wconf 83' lang='lat' dir='ltr'><strong>‘dicitur</strong></span> 
     </span>
     <span class='ocr_line' id='line_1_37' title="bbox 513 3947 2773 4036; baseline 0.001 -22"><span class='ocrx_word' id='word_1_329' title='bbox 513 3948 845 4036; x_wconf 75' lang='grc' dir='ltr'><strong>χυτρίνδα,</strong></span> <span class='ocrx_word' id='word_1_330' title='bbox 891 3947 1037 4027; x_wconf 87' lang='lat' dir='ltr'><strong>quia</strong></span> <span class='ocrx_word' id='word_1_331' title='bbox 1082 3949 1311 4013; x_wconf 91' lang='lat' dir='ltr'><strong>chorus</strong></span> <span class='ocrx_word' id='word_1_332' title='bbox 1353 3950 1570 4029; x_wconf 87' lang='lat' dir='ltr'><strong>paullo</strong></span> <span class='ocrx_word' id='word_1_333' title='bbox 1609 3958 1751 4012; x_wconf 89' lang='lat' dir='ltr'><strong>aute</strong></span> <span class='ocrx_word' id='word_1_334' title='bbox 1793 3951 2060 4029; x_wconf 87' lang='lat' dir='ltr'><strong>dicebat,</strong></span> <span class='ocrx_word' id='word_1_335' title='bbox 2104 3974 2173 4015; x_wconf 88' lang='lat' dir='ltr'><strong>se</strong></span> <span class='ocrx_word' id='word_1_336' title='bbox 2217 3952 2380 4016; x_wconf 88' lang='lat' dir='ltr'><strong>velle</strong></span> <span class='ocrx_word' id='word_1_337' title='bbox 2421 3952 2577 4014; x_wconf 92' lang='lat' dir='ltr'><strong>istos</strong></span> <span class='ocrx_word' id='word_1_338' title='bbox 2612 3953 2773 4016; x_wconf 93' lang='lat' dir='ltr'><strong>duos</strong></span> 
     </span>
     <span class='ocr_line' id='line_1_38' title="bbox 518 4046 2776 4136; baseline 0.001 -23"><span class='ocrx_word' id='word_1_339' title='bbox 518 4052 793 4123; x_wconf 82' lang='grc' dir='ltr'><strong>τίλλειν,</strong></span> <span class='ocrx_word' id='word_1_340' title='bbox 836 4046 1171 4126; x_wconf 80' lang='lat' dir='ltr'><strong>vellicare,</strong></span> <span class='ocrx_word' id='word_1_341' title='bbox 1220 4058 1284 4111; x_wconf 90' lang='lat' dir='ltr'><strong>et</strong></span> <span class='ocrx_word' id='word_1_342' title='bbox 1324 4071 1471 4111; x_wconf 89' lang='lat' dir='ltr'><strong>mox</strong></span> <span class='ocrx_word' id='word_1_343' title='bbox 1513 4052 1638 4113; x_wconf 87' lang='grc'><strong>364</strong></span> <span class='ocrx_word' id='word_1_344' title='bbox 1702 4053 1877 4114; x_wconf 85' lang='lat' dir='ltr'><strong>dicit:</strong></span> <span class='ocrx_word' id='word_1_345' title='bbox 1921 4057 2087 4133; x_wconf 80' lang='grc' dir='ltr'><strong>ἕλκε,</strong></span> <span class='ocrx_word' id='word_1_346' title='bbox 2127 4053 2331 4127; x_wconf 86' lang='grc' dir='ltr'><strong>τίλλε,</strong></span> <span class='ocrx_word' id='word_1_347' title='bbox 2375 4066 2547 4130; x_wconf 77' lang='grc' dir='ltr'><strong>παῖε,</strong></span> <span class='ocrx_word' id='word_1_348' title='bbox 2587 4053 2776 4136; x_wconf 76' lang='grc' dir='ltr'><strong>δεῖρε,</strong></span> 
     </span>
     <span class='ocr_line' id='line_1_39' title="bbox 523 4145 2773 4239; baseline 0.001 -30"><span class='ocrx_word' id='word_1_349' title='bbox 523 4147 757 4222; x_wconf 80' lang='grc' dir='ltr'><strong>κόπτε,</strong></span> <span class='ocrx_word' id='word_1_350' title='bbox 814 4146 1082 4230; x_wconf 84' lang='grc' dir='ltr'><strong><em>πρώτην</em></strong></span> <span class='ocrx_word' id='word_1_351' title='bbox 1145 4145 1273 4232; x_wconf 74' lang='grc' dir='ltr'><strong>τήν</strong></span> <span class='ocrx_word' id='word_1_352' title='bbox 1331 4148 1604 4239; x_wconf 82' lang='grc' dir='ltr'><strong>χύτραν·</strong></span> <span class='ocrx_word' id='word_1_353' title='bbox 1663 4155 1835 4233; x_wconf 89' lang='lat' dir='ltr'><strong>quod</strong></span> <span class='ocrx_word' id='word_1_354' title='bbox 1896 4155 2083 4215; x_wconf 82' lang='lat' dir='ltr'><strong>etiam</strong></span> <span class='ocrx_word' id='word_1_355' title='bbox 2139 4153 2205 4211; x_wconf 91' lang='lat' dir='ltr'><strong>in</strong></span> <span class='ocrx_word' id='word_1_356' title='bbox 2263 4153 2376 4214; x_wconf 88' lang='lat' dir='ltr'><strong>illo</strong></span> <span class='ocrx_word' id='word_1_357' title='bbox 2442 4153 2595 4215; x_wconf 91' lang='lat' dir='ltr'><strong>ludo</strong></span> <span class='ocrx_word' id='word_1_358' title='bbox 2639 4150 2773 4213; x_wconf 90' lang='lat' dir='ltr'><strong>fieri</strong></span> 
     </span>
     <span class='ocr_line' id='line_1_40' title="bbox 526 4245 2775 4341; baseline 0.007 -36"><span class='ocrx_word' id='word_1_359' title='bbox 526 4245 785 4306; x_wconf 88' lang='lat' dir='ltr'><strong>solebat.</strong></span> <span class='ocrx_word' id='word_1_360' title='bbox 887 4248 1082 4308; x_wconf 86' lang='lat' dir='ltr'><strong>Julius</strong></span> <span class='ocrx_word' id='word_1_361' title='bbox 1141 4250 1363 4313; x_wconf 85' lang='lat' dir='ltr'><strong>Pollux</strong></span> <span class='ocrx_word' id='word_1_362' title='bbox 1428 4253 1489 4327; x_wconf 85' lang='lat'><strong>9,</strong></span> <span class='ocrx_word' id='word_1_363' title='bbox 1539 4254 1694 4317; x_wconf 84' lang='lat'>113:</span> <span class='ocrx_word' id='word_1_364' title='bbox 1749 4249 1794 4334; x_wconf 70' lang='grc' dir='ltr'><strong>η’</strong></span> <span class='ocrx_word' id='word_1_365' title='bbox 1860 4253 1932 4320; x_wconf 79' lang='grc' dir='ltr'><strong>δὲ</strong></span> <span class='ocrx_word' id='word_1_366' title='bbox 1996 4251 2326 4341; x_wconf 80' lang='grc' dir='ltr'><strong><em>χυτρίνδα·</em></strong></span> <span class='ocrx_word' id='word_1_367' title='bbox 2412 4247 2448 4318; x_wconf 82' lang='grc' dir='ltr'>ὁ</span> <span class='ocrx_word' id='word_1_368' title='bbox 2509 4255 2641 4334; x_wconf 81' lang='grc' dir='ltr'><strong>μὲν</strong></span> <span class='ocrx_word' id='word_1_369' title='bbox 2703 4257 2775 4320; x_wconf 76' lang='grc' dir='ltr'><strong>ἐν</strong></span> 
     </span>
    </p>
   </div>
  </div>
 </body>
</html>
