3022 4934
1457 297 1878 364 ...92—

545 476 898 555 conjectura
939 476 1193 551 posset,
1251 468 1442 549 idque
1484 467 1592 529 tali
1632 465 1908 547 positum
1966 463 2145 537 loco,
2214 461 2376 542 quo,
2438 480 2628 542 quum
2666 465 2789 528 de·-

537 573 786 653 positae
830 577 1038 632 essent
1079 568 1268 641 ollae,
1312 573 1420 628 aut
1462 568 1716 628 omnino
1756 581 1887 625 non
1926 561 2147 644 posset
2188 561 2481 641 conspici,
2523 567 2630 623 aut
2662 560 2790 623 non

541 671 743 734 facile.
827 665 1129 732 Fabi-icae
1185 673 1390 731 autem
1432 665 1674 727 Atticae
1712 662 2089 747 legitimum,
2149 669 2227 757 ut
2270 664 2357 725 ita
2398 663 2601 724 dicam
2622 669 2639 739 ',
2695 662 2790 724 si·-

540 794 727 855 gnum
771 781 909 835 erat
946 780 1177 836 noctua
1198 817 1214 846 ,
1271 767 1751 851 cujus³effigiem
1790 772 2008 828 notum
2052 772 2148 828 est
2187 766 2528 827 sexcenties
2567 781 2790 825 recur-

538 891 679 933 rere
723 872 790 933 in
832 873 1031 934 numis
1087 868 1567 934 Atheniensibus
1610 874 1796 948 atque
1852 866 2068 930 videre
2131 872 2226 927 est
2276 864 2341 927 in
2383 860 2627 926 laminis
2667 862 2789 925 illis

540 979 604 1032 et
644 979 902 1047 tessera,
947 991 1101 1052 quas
1145 970 1430 1033 tractavit
1466 968 1819 1030 Boeckhius
1861 966 2043 1047 Corp.
2083 968 2270 1027 inser.
2307 965 2526 1026 Graec.
2562 958 2719 1025 'vot-
2743 962 2789 1022 1.

538 1095 601 1153 p.
642 1076 764 1136 341
818 1095 943 1152 sq.;
1026 1073 1187 1134 adde
1254 1072 1417 1152 quae
1478 1068 1801 1130 adnotavit
1860 1068 2156 1128 Staveren
2180 1087 2183 1091 ·
2211 1060 2579 1146 ad-ss'Hygini
2637 1058 2790 1121 Fab'.

542 1176 690 1255 Cap.
733 1174 927 1235 CCIV.
1000 1173 1314 1254 >Imprimis
1355 1187 1508 1231 vero
1551 1170 1674 1229 buc
1715 1166 1983 1248 pertinet
2035 1167 2277 1242 discus,
2320 1164 2447 1244 ‚qui
2476 1163 2793 1242 reperitur

536 1276 602 1332 in
644 1289 792 1333 vase
837 1273 1114 1350 quodam
1155 1273 1388 1342 Attico,
1447 1285 1485 1327 a
1530 1257 2209 1343 Stackelbergio.libri,
2267 1263 2793 1344 qui-inscribitur:

543 1369 684 1432 »die
729 1369 971 1432 Graber
1013 1370 1126 1431 der
1164 1366 1507 1430 Hellenen»
1529 1412 1545 1439 ,
1589 1362 1716 1425 tab.
1750 1356 1977 1437 XXIV,
2022 1364 2063 1424 5
2126 1363 2443 1442 publicato
2465 1406 2486 1438 -,
2526 1371 2794 1425 noctuae

538 1470 807 1553 effigiem
844 1471 1213 1549 impressam
1257 1466 1577 1528 exbibens.
1659 1465 1785 1525 Fac
1825 1464 2039 1544 igitur,
2090 1460 2364 1527 noctuae
2398 1465 2794 1526 simulacrum

534 1572 907 1652 impressum
967 1572 1158 1631 fuisse
1221 1569 1343 1628 illis
1409 1567 1622 1627 Atticis
1690 1566 1865 1641 ollis,
1954 1583 2120 1647 quasv
2174 1585 2387 1629 secum
2464 1560 2801 1628 attulerant

536 1673 957 1732 Pisthetaerus
1002 1678 1189 1750 atque
1231 1668 1601 1747 Euelpides,
1662 1671 1726 1727 et
1755 1673 2004 1746 ‘sponte
2047 1664 2402 1748 apparebit,
2455 1665 2793 1748 quam‘le-

534 1772 685 1850 pide
727 1777 790 1831 et
832 1770 1012 1831 simul
1059 1774 1291 1849 quanta
1344 1759 1875 1831 verisimilitudine
1916 1767 2177 1829 affirmet
2224 1768 2676 1842 Pistbetaerus,
2738 1767 2793 1828 si

540 1870 702 1931 ollas
743 1869 833 1931 ita
868 1870 1136 1950 signatas
1176 1874 1429 1930 teneant
1459 1866 1561 1929 vel
1592 1865 1802 1947 potius
1843 1866 1909 1928 in
1944 1867 2148 1948 capite
2176 1858 2437 1950 gestent,
2468 1860 2793 1929 'noctuam

537 1970 712 2048 ipsos
756 1989 1066 2030 non-esse
1111 1961 1559 2051 aggressuram.
1641 1970 1815 2028 Haec
1860 1970 1911 2028 si
1952 1962 2080 2028 non
2121 1961 2620 2049 improbabiliter
2655 1969 2794 2029 dis-

534 2072 917 2150 putavimus,
964 2089 1094 2130 non
1136 2070 1342 2130 solum
1381 2070 1489 2141 iis,
1555 2068 1660 2145 qui
1704 2067 2021 2129 Comicum
2063 2070 2422 2132 accuratius·
2449 2068 2797 2149 intelligere

535 2174 811 2252 cupiant,
871 2171 1034 2231 bene
1097 2167 1443 2230 consultum
1505 2168 1651 2241 erit,
1708 2168 1823 2229 sed
1877 2169 2064 2228 etiam
2121 2167 2548 2249 archaeolo'gi
2571 2170 2802 2252 habe--

533 2271 691 2331 bunt
732 2275 965 2330 certum
1009 2266 1360 2346 exemplum
1402 2265 1496 2327 rei
1540 2267 1672 2347 jam
1725 2285 1841 2345 per
1890 2287 1959 2327 se
2002 2267 2254 2346 quidem
2283 2268 2630 2331 'admodum
2672 2289 2791 2330 ve-

535 2369 863 2441 rosimilis,
926 2369 1068 2440 sed,
1133 2368 1304 2445 quod
1369 2385 1487 2445 ego
1561 2367 1784 2440 sciam,
1850 2367 2055 2429 adhuc
2097 2387 2226 2430 non
2287 2369 2611 2449 probatae.
2697 2371 2790 2429 De

533 2469 838 2528 similibus
881 2468 1070 2546 signis
1112 2466 1431 2544 impressis
1516 2466 1626 2526 οἶν.
1690 2483 1851 2545 quae
1916 2467 2228 2548 congessit-
2265 2468 2661 2529 Tbierscbius
2703 2467 2792 2526 li-

531 2569 628 2627 bri
651 2616 667 2641 ,
713 2568 818 2645 qui
860 2566 1244 2627 inscribitur:
1311 2564 1848 2645 »Abhandlungen
1906 2566 2020 2625 der
2071 2567 2790 2647 philosopb.-philolol.

534 2668 750 2727 Classe
793 2668 905 2726 der
934 2665 1178 2747 Konigl.
1213 2665 1633 2746 Bayerischen
1669 2667 2011 2727 Akademie
2043 2664 2158 2728 der
2192 2668 2791 2746 wissenschaften»,

537 2770 675 2829 Vol.
715 2770 786 2828 11.
830 2769 892 2826 Ρ.
927 2769 999 2826 11.
1042 2786 1103 2845 p.
1139 2766 1269 2828 802
1306 2784 1473 2844 sqq.,
1517 2773 1579 2824 et
1618 2768 1859 2844 pictura
1902 2769 2065 2829 vasis
2106 2768 2399 2846 publicati
2443 2787 2483 2830 a
2511 2771 2794 2832 Gerhar-

534 2868 640 2929 dio
685 2868 848 2941 libri,
894 2885 1081 2945 quem
1124 2865 1464 2943 inscripsit:
1514 2864 1951 2927 »Griechische
1985 2867 2114 2927 und
2138 2869 2536 2929 Etruskische
2561 2871 2794 2929 'Prink-

535 2966 792 3027 schalen
820 2968 929 3026 des
955 2965 1368 3046 Ktiniglichen
1391 2965 1704 3025 Museums
1731 2964 1814 3025 'zu
1847 2966 2115 3040 Berlin»,
2155 2969 2279 3027 tab.
2310 2969 2472 3029 XIV.
2492 2971 2630 3030 XV.
2698 2971 2794 3033 Ad

534 3066 702 3143 hunc
720 3064 932 3123 locum
955 3063 1186 3142 optime
1210 3064 1491 3142 quadrat,
1516 3065 1568 3124 si
1592 3065 1700 3124 illa
1727 3072 1992 3127 noctuae
2012 3066 2341 3129 simulacra
2361 3067 2476 3129 sub
2500 3068 2640 3130 ollis
2664 3070 2792 3131 im-

534 3183 751 3247 pressa
795 3164 987 3224 fuisse
1029 3163 1333 3224 statuitur.
1376 3195 1459 3207 —-
1501 3166 1638 3222 Jam
1678 3171 1903 3238 restat,
1974 3175 2043 3226 ut
2084 3168 2269 3228 etiam
2314 3187 2392 3229 ea
2433 3170 2627 3233 verba
2672 3190 2793 3230 ex·—

534 3265 836 3327 cutiamus
882 3263 1253 3337 accuratius,
1314 3263 1537 3341 quibus
1582 3264 1788 3326 avium
1831 3266 2113 3326 aduncos
2157 3286 2389 3348 ungues
2429 3269 2791 3331 habentium

536 3367 766 3426 mentio
807 3364 881 3423 fit
924 3372 985 3424 et
1026 3364 1305 3438 rationis,
1351 3383 1475 3444 qua
1516 3365 1642 3426 vita
1686 3364 1765 3424 ab
1809 3365 2085 3444 ipsarum
2127 3365 2362 3445 impetu
2397 3367 2790 3430 defendenda

535 3469 633 3528 sit.
718 3470 797 3528 Et
857 3467 1130 3526 animum
1183 3469 1511 3528 advertunt
1563 3468 1695 3550 jam
1737 3486 1852 3544 ea,
1929 3486 2090 3548 quae
2131 3469 2334 3551 primo
2401 3471 2609 3549 posita
2651 3475 2792 3532 sunt

532 3567 699 3628 loco.
781 3567 1027 3628 Etenim
1067 3587 1255 3646 quum
1299 3568 1634 3647 Euelpides
1670 3569 1871 3631 dicat:
1913 3582 2055 3642 τοῖς
2080 3561 2473 3652 γαμψώνυξι
2503 3569 2790 3645 vois-de,

534 3673 1015 3726 consentaneum
1080 3673 1176 3727 est
1244 3684 1527 3739 sumere,
1597 3685 1742 3728 aves
1808 3667 2062 3729 aduncis
2129 3666 2435 3748 unguibus
2479 3664 2791 3745 praeditas

532 3763 620 3827 ita
663 3764 857 3825 fuisse
898 3766 1251 3843 instructas,
1311 3776 1380 3829 ut
1433 3767 1722 3848 Euelpidi
1764 3769 2091 3847 proximae
2134 3777 2362 3831 essent.
2445 3769 2630 3848 Atqui
2672 3788 2792 3831 co-

532 3866 860 3947 gnovimns
911 3868 1082 3950 Jam,
1141 3871 1344 3929 avium
1405 3871 1488 3930 ad
1532 3864 1791 3933 chorum
1834 3870 2272 3951 pertinentium
2329 3869 2545 3944 aciem,
2591 3887 2791 3950 aeque

533 3974 722 4046 atque
764 3969 956 4029 moris
1001 3976 1135 4030 erat
1177 3970 1340 4030 inter
1379 3971 1699 4047 homineS,
1764 3973 1854 4034 sic
1897 3973 2088 4034 fuisse
2128 3974 2467 4033 institutam
2494 4018 2507 4043 ,
2553 3971 2622 4032 ut'
2659 3971 2786 4032 duo

535 4086 767 4127 cornua
810 4068 1048 4143 essent3
1091 4090 1283 4149 porro
1332 4073 1586 4132 dubium
1633 4093 1770 4135 esse
1828 4095 1955 4136 non
2012 4081 2237 4155 potest,
2296 4066 2450 4152 vquin
2495 4076 2576 4137 ad
2628 4068 2791 4133 dex—

535 4171 734 4227 terum
778 4187 1007 4242 cornu,
1069 4174 1241 4249 quod
1283 4174 1550 4252 primum
1593 4174 1888 4254 impetum
1949 4177 2253 4237 facturum
2318 4193 2458 4235 esse
2501 4171 2788 4234 discimus

541 4282 620 4325 ex
659 4266 763 4327 Vs.
801 4268 943 4344 353,
988 4269 1167 4350 ipsae
1212 4273 1356 4336 illae
1414 4294 1561 4341 aves
1606 4278 1905 4341 aduncos
1951 4289 2187 4358 ungues
2230 4275 2532 4337 habentes
2586 4275 2790 4355 perti-
