3022 4934
1440 275 1903 334 -128—

541 453 749 505 tanum
789 441 1089 503 familiam
1132 442 1466 521 pertinere,
1511 441 1731 522 quibus
1791 440 1871 501 de
1925 438 2111 499 rebus
2172 436 2323 510 satis
2359 436 2573 498 habeo
2599 438 2792 500 -rele-

537 562 721 624 gasse
766 543 848 604 ad
890 563 1001 620 ea,
1059 561 1220 623 quae
1275 543 1508 621 scripta
1550 547 1693 607 suut
1735 558 1774 602 a
1813 538 2123 603 Muellero
2179 537 2355 612 libri,
2417 537 2522 618 qui
2564 536 2792 600 inser-i-

539 644 740 705 bitur:
818 644 1242 725 «Allgemeine
1305 641 1812 724 Eneyclopaedie
1898 641 2010 703 der
2067 638 2604 701 wissenschaften
2668 637 2794 700 und

543 745 842 827 Kiinste»,
886 744 927 805 l.
973 765 1023 807 c.
1067 744 1131 825 §-
1168 744 1269 806 66.
1330 763 1389 822 p.
1434 744 1568 811 115⁴
1599 760 1722 821 sq.;
1784 740 1850 803 in
1893 758 1971 802 eo
1998 742 2274 821 sautem,
2340 738 2795 819 quodBasilia

534 845 882 905 secundum
923 844 1272 906 Diodorum
1311 842 1547 905 Titanis
1615 850 1744 917 est,
1789 860 1866 903 eo
1908 841 2112 904 minus
2156 839 2794 922 esseofl'endeedum,

541 945 714 1025 quod
759 946 945 1006 etiam
986 946 1328 1006 Minervam
1368 943 1683 1016 Pal-laute,
1741 943 1972 1004 Titanis
2015 942 2149 1003 filio
2191 940 2295 1003 vel
2341 939 2632 1019 Giganta,
2678 958 2794 1018 ge·-

538 1045 732 1105 nitam
776 1043 1218 1104 fabulabantur
1281 1050 1344 1103 et
1386 1042 1733 1103 arctissimo
1792 1041 2137 1102 cohaerere
2198 1040 2443 1106 vinculo
2489 1057 2632 1100 cum
2681 1038 2797 1104 Gi-

541 1147 828 1226 gantibus
873 1146 952 1206 ab
997 1147 1133 1224 ipsa
1179 1145 1506 1209 debellatis
1552 1145 1890 1209 observare
1943 1143 2121 1217 licet,
2187 1142 2438 1221 quode
2482 1140 2592 1227 cfr.
2636 1157 2796 1221 quae

541 1247 695 1308 dixit
757 1246 1094 1308 Muellerus
1155 1246 1197 1306 1.
1263 1265 1314 1306 c.
1389 1244 1453 1324 ὃ.
1490 1247 1546 1304 1.
1633 1244 1868 1321 Ρ.-76,
1933 1244 2002 1322 §-
2055 1245 2159 1304 52.
2220 1263 2305 1320 -Ρ,
2348 1243 2507 1317 106,
2578 1243 2643 1322 §.
2693 1242 2796 1306 69.

537 1366 599 1425 p.
651 1347 809 1421 117;
882 1379 966 1391 -—
1024 1345 1173 1424 quin
1216 1345 1368 1405 illae
1429 1341 1836 1425 genealogiae
1896 1342 2058 1403 adeo
2123 1350 2648 1421 congruunt-cum
2703 1361 2797 1414 ea,

541 1463 729 1525 quam
812 1445 1126 1508 Diodorus
1204 1442 1430 1518 tradit,
1526 1449 1625 1516 ut,
1712 1461 1899 1520 quum
1974 1441 2039 1501 in
2133 1440 2256 1502 hac
2335 1448 2594 1502 matrem
2679 1439 2798 1503 Ti-

541 1555 756 1615 taeam
801 1544 1375 1622 deprehendamuS,
1431 1543 1769 1616 secundum
1828 1543 1986 1603 illas
2023 1544 2234 1619 matr-is
2277 1563 2508 1604 nomen
2550 1545 2630 1604 sit
2679 1542 2797 1604 Ti-

533 1647 752 1721 <ta-1333
800 1645 973 1726 quod
1015 1644 1344 1726 quominus
1399 1644 1653 1724 proprie
1706 1642 1995 1710 Tritonis
2057 1643 2275 1707 audire
2331 1645 2564 1728 debere
2620 1644 2799 1712 arbi-

538 1756 805 1822 tremur,
803 1747 887 1806 in
910 1764 1096 1832 quam
1128 1746 1495 1814 sententiam
1526 1743 1714 1828 etiam
1738 1722 2076 1806 Muellerus
2113 1745 2278 1814 abiit
2296 1766 2356 1825 p.
2376 1724 2537 1820 106„
2577 1744 2798 1819 adu-‚9

538 1868 701 1909 nunc
746 1848 930 1909 etiam
979 1848 1175 1926 magis
1214 1847 1658 1926 prohibemur,
1704 1849 1887 1925 quam
1920 1854 2121 1909 antea.
2206 1848 2405 1909 Porro
2451 1865 2796 1924 monemuS,

541 1969 746 2028 neque
788 1950 961 2023 illud,
1007 1952 1179 2031 quod
1220 1949 1513 2011 Basiliam
1543 1948 1843 2026 virginem
1875 1949 2127 2012 tandem
2164 1957 2429 2028 nuptam
2461 1952 2796 2034 cognosci-

540 2067 713 2122 muS,
745 2049 999 2109 omniuo
1044 2046 1523 2124 nonaquadrare
1568 2045 1647 2105 ad
1690 2045 2070 2122 Minervam,
2131 2050 2433 2130 denique:
2486 2052 2578 2127 id,
2624 2054 2793 2133 quod

541 2150 621 2210 de
663 2148 883 2211 imbre,
909 2144 1598 2223 et,fulminum.ictibus
1651 2153 1953 2208 narratur.
1983 2149 2098 2207 sub
2143 2149 2330 2209 finem
2374 2151 2612 2228 capitis,
2669 2172 2797 2230 op·-

542 2250 709 2331 time⁴
747 2247 966 2309 referri
1030 2263 1225 2326 posse
1283 2246 1369 2306 ad
1423 2245 1588 2305 hanc
1656 2246 1922 2307 eandem
1966 2246 2147 2308 deam
2173 2295 2189 2321 ,
2255 2268 2438 2328 quam
2495 2250 2795 2331 imprimis

541 2350 778 2415 fulmen
813 2346 1556 2429 jacere,creditam·.esse
1582 2347 1927 2430 {notissima
1971 2367 2073 2410 res
2118 2357 2228 2411 est.
2312 2352 2559 2413 Verbo:
2587 2353 2675 2413 *in-
2702 2354 2796 2428 iis,

542 2458 1043 2532 quaetanquam
1086 2448 1542 2513 Atlantidarum
1589 2449 1668 2511 de
1706 2449 1958 2511 ,Basilia
1999 2447 2576 2535 μυθολογούμενα
2612 2453 2798 2514 refe·-

538 2561 756 2616 runtur
797 2570 836 2613 a
880 2551 1184 2624 Diodoro,
1228 2551 1561 2630 probabile
1609 2551 1872 2626 videtur,
1912 2549 2112 2634 plura
2156 2551 2380 2627 inesse,
2421 2555 2603 2632 'quae
2632 2555 2797 2632 apud

543 2654 815 2716 Graecos
861 2657 994 2722 aut,
1023 2649 1250 2710 eodem
1289 2649 1521 2712 ⁴modo
1558 2658 1667 2711 aut
1723 2651 2005 2712 similiter
2045 2653 2358 2712 ferrentur
2388 2655 2484 2714 *de
2520 2654 2800 2716 Minerva

546 2750 768 2822 eadem
807 2749 1057 2816 Basilia.
1139 2751 1281 2818 Hoc
1323 2750 1593 2829 probato
1618 2751 1845 2812 licebit
1884 2752 1995 2813 illo
2029 2753 2295 2814 Diodori
2335 2754 2486 2816 loco
2524 2754 2797 2815 utiltan-

544 2871 728 2933 quam
787 2850 1144 2917 testimonio
1213 2850 1399 2913 simul
1458 2856 1520 2911 et
1589 2850 2006 2932 explicatione
2061 2853 2531 2915 necessitudinis
2553 2902 2570 2929 ,
2625 2875 2797 2935 ‘quae

543 2953 882 3017 secundum
925 2949 1171 3013 fabulas
1208 2950 1444 3013 Atticas
1487 2951 1910 3013 intercesserit
1938 2953 2101 3014 iuter
2140 2956 2480 3016 Minervam
2525 2965 2600 3019 et.
2628 2960 2799 3019 Pan-—

546 3055 805 3125 doram,
863 3053 941 3110 de
987 3071 1110 3128 qua
1166 3072 1241 3112 -re
1287 3054 1396 3113 cfr.
1440 3073 1602 3133 quae
1659 3056 2087 3117 disseruerunt
2129 3058 2616 3120 Gerhardiusin
2659 3059 2798 3119 dis-

541 3154 913 3227 sertatione,
980 3168 1166 3231 quam
1209 3151 1524 3231 inscripsit
1582 3154 2084 3234 «Festgedanken
2125 3160 2221 3217 'an
2265 3157 2798 3234 Winckelm-ann»,

541 3253 814 3316 Berolini
856 3271 910 3313 a.
960 3252 1119 3317 1841
1170 3251 1375 3327 edita,
1423 3260 1485 3313 et
1540 3253 1728 3335 hujus
1774 3275 2098 3317 censorem
2124 3275 2314 3339 agens
2356 3261 2613 3321 Iahnius
2657 3281 2800 3323 nov.

542 3355 872 3420 Annalium
932 3354 1155 3435 philol.
1220 3363 1284 3416 et
1341 3358 1605 3437 paedag.
1668 3357 1808 3420 Vol.
1855 3359 2201 3431 XXXVIII,
2259 3359 2413 3420 fasc.⁴
2455 3361 2516 3421 4.
2549 3381 2620 3442 Ρ.
2655 3366 2799 3424 463.

541 3460 677 3521 Huc
743 3458 1046 3521 accedunt
1103 3458 1358 3521 haecce.
1441 3460 1760 3535 Pandora,
1825 3480 1951 3539 quo
2015 3460 2269 3521 nomine
2336 3461 2573 3524 Rhearn
2615 3466 2800 3526 Basi-

540 3561 662 3621 liae
703 3579 988 3624 sororem
1030 3559 1406 3639 appellatam
1447 3577 1587 3620 esse
1629 3577 1667 3620 a
1707 3558 2021 3621 nonnullis
2086 3560 2404 3622 Diodorus
2457 3563 2801 3624 memoriae

541 3661 853 3743 prodidit,
936 3661 1133 3723 altera
1185 3660 1323 3723 *fuit
1381 3678 1648 3734 earum,
1713 3677 1875 3739 quae
1936 3660 2426 3740 appellabantur·
2453 3662 2800 3743 ,παρθένοι

540 3758 1002 3846 Ἐρεχθηΐδες,
1044 3762 1243 3840 priori
1285 3762 1701 3843 Protogeniae
1732 3782 1977 3823 nomen
2021 3771 2172 3824 erat.
2226 3765 2391 3824 -Jam
2432 3769 2650 3824 notum
2685 3772 2799 3838 est,

538 3864 883 3937 Pandorae,
928 3864 1172 3942 quoties
1215 3863 1529 3925 Minervae
1558 3883 1762 3926 ,vacca
1803 3864 2208 3937 mactabatur,
2250 3882 2440 3924 ovem
2483 3861 2584 3925 vel
2627 3864 2800 3924 *arie-

541 3972 664 4024 tem
705 3962 1115 4024 sacrificatum
1154 3982 1311 4036 esse,
1357 3967 1439 4024 ad
1482 3987 1668 4045 quam
1710 3987 1841 4027 rem
1882 3973 2165 4048 spectant
2207 3966 2391 4026 etiam
2433 3967 2626 4029 verba
2659 3967 2797 4030 'hu-

535 4068 635 4146 jus
679 4065 873 4146 ipsius
918 4067 1172 4128 fabulae
1229 4067 1332 4126 Vs.
1376 4067 1497 4129 971
1549 4069 1789 4148 posita,
1853 4069 1976 4129 vid.
2022 4073 2368 4148 praeterea,
2435 4086 2595 4148 quae
2638 4089 2798 4130 con-

545 4169 732 4243 gessit
773 4168 1105 4229 Muellerus
1150 4168 1190 4227 1.
1235 4186 1288 4227 c.
1336 4188 1393 4248 p.
1429 4171 1591 4249 781;
1634 4172 1749 4233 sed
1795 4172 1874 4234 de
1915 4170 2114 4233 sacris
2158 4169 2567 4250 Protogeniae
2604 4168 2798 4231 obla—

542 4268 618 4326 tis
663 4269 813 4328 nihil
860 4270 1112 4331 omnino
1160 4270 1466 4350 reperitur
1508 4272 1818 4336 traditum.
1907 4272 2129 4347 Quod,
2193 4291 2380 4349 quum
2430 4271 2796 4352 praesertim
