3022 4934
1137 310 1549 372 ...35-

984 472 1728 544 ΠΕῙΣΘΕΤΑῙΡΟΣ.

332 573 827 654 ὬᾼΠόσειδον,
857 585 1105 659 ἕτερος·
1139 569 1224 644 αὖ
1269 596 1370 648 τις
1405 570 1663 659 βαπτὸς
1709 572 1885 662 ὄρνις
1926 569 2170 643 οὑτοσί·

354 680 471 751 Τίς
514 673 917 760 ὀνομάζεταί
961 668 1118 745 ποθ’
1163 664 1400 755 οὖτοςς

1210 789 1413 858 ΕΠΟ
1427 793 1509 858 Ψ.

1418 892 1661 961 Ου’τοσὶ
1709 893 2116 978 κατωφαγᾶς.

990 1009 1737 1078 ΠΕῙΣΘΕΤΑΙΡΟΣ.

329 1108 526 1178 ”Εστι
573 1108 701 1196 γάρ
750 1114 1136 1194 κατωφαγᾶς
1176 1133 1277 1183 τις
1323 1106 1518 1181 ἄλλος
1562 1104 1603 1191 ἢ
1644 1104 2083 1194 Κλεώνυμοςς

1074 1225 1644 1295 ΕΥΕΛΠΙΔΗΣ.

346 1326 568 1405 Πῶς*
527 1355 613 1398 αν
642 1322 768 1398 οὖν
796 1324 1199 1426 Κλεώνυμός
1227 1322 1288 1413 γ’
1313 1321 1404 1394 ὧν
1432 1319 1548 1392 οὐκ
1577 1320 1871 1413 ἀπέβαλε
1898 1325 2015 1395 τὸν
2043 1324 2286 1411 λόφονς
2343 1327 2524 1389 290

993 1425 1739 1512 ΠΕΙΣΘΕΤΑΙΡΟΣ.
1837 1478 1845 1482 -

341 1541 546 1613 Ἀλλα
588 1546 823 1628 μέντοι
866 1546 967 1615 τίς
1011 1538 1172 1608 ποθ’
1215 1540 1258 1626 ἦ
1301 1528 1574 1624 λόφωσις
1619 1535 1661 1622 ἦ
1704 1542 1834 1607 τῶν
1874 1537 2149 1626 ὀρνέωνς

296 1642 444 1716 ”“Η
481 1643 580 1713 ’πὶ
632 1640 751 1714 τόν
802 1643 1070 1713 δίαυλον
1117 1638 1371 1730 ἧλθον5

1213 1761 1514 1828 ΕΠΟΨ.
2384 1836 2390 1841 ,

1326 1858 1594 1946 Ἵὶςπερ
1639 1869 1702 1929 οἱ
1741 1865 1964 1945 Κᾶρες
2007 1868 2137 1946 μὲν
2182 1856 2306 1930 οὖν

343 1962 506 2034 Ἐπὶ
551 1964 770 2050 λόφων
808 1966 1100 2031 οἰκοῦσιν
1149 1954 1356 2045 ὦγάθ’
1405 1956 1763 2043 ἀσφαλείας
1813 1962 2081 2030 οὔνεκα.

263 2135 625 2200 Recensentur
676 2136 951 2184 doctorum
1001 2132 1271 2181 hominum
1325 2122 1618 2181 sentcntiae
1670 2135 1735 2181 de
1784 2140 2035 2200 quattuor
2091 2134 2276 2183 avibus
2325 2135 2473 2201 prius

264 2238 420 2287 quam
455 2221 644 2271 chorus
680 2222 738 2269 in
772 2224 1114 2287 conspectum
1147 2217 1504 2268 venientibus.
1576 2218 1640 2266 In
1671 2223 1977 2269 transcursu
2006 2225 2266 2269 tractatur
2298 2220 2472 2278 locus,

1044 2306 1138 2375 qui
1186 2311 1268 2357 est
1311 2304 1407 2358 Vs.
1436 2304 1538 2354 448
1581 2321 1700 2374 sqq.

427 2416 663 2476 Primae
726 2413 1053 2475 adveniunt
1112 2418 1395 2492 quattuor
1445 2430 1620 2488 aveS,
1681 2430 1918 2492 eaeque
1975 2432 2100 2473 non
2157 2413 2474 2474 confestim

266 2518 462 2579 citove
505 2517 891 2589 advolanteS,
949 2535 1073 2576 non
1113 2534 1236 2575 uno
1280 2514 1549 2595 agmine,
1598 2514 1721 2574 sed
1762 2514 2034 2595 singulae
2077 2521 2139 2574 et
2178 2524 2473 2577 secretae.

263 2618 538 2678 Advertit
587 2618 746 2676 haec
797 2635 897 2676 res
943 2617 1074 2696 jam
1124 2622 1396 2676 veterem
1447 2616 1843 2694 interpretem
1888 2616 1969 2675 ad
2008 2618 2113 2678 Vs·
2147 2616 2269 2677 297
2317 2619 2476 2678 haec

266 2717 687 2781 adnotantem:
737 2709 869 2784 οἷπό
909 2713 1156 2784 τούτου
1195 2710 1239 2800 ἦ
1283 2716 1764 2800 καταρίθμησις
1807 2716 1940 2782 τῶν
1990 2720 2084 2789 εἷς
2125 2711 2245 2783 τὸν
2282 2714 2479 2806 χορὸν

264 2817 735 2887 συντεινόντων
791 2815 1149 2902 προςώπων
1203 2814 1337 2894 κδ’,
1416 2822 1489 2885 ἐν
1554 2817 1831 2902 περιττῷ
1896 2816 2288 2898 ληφθέντων
2347 2819 2477 2882 τῶν

265 2918 929 3003 προκατειλεγμένων.
1025 2918 1152 2978 Nec
1200 2925 1432 2991 tamen,
1492 2936 1599 2976 cur
1641 2923 1928 2995 quattuor
1975 2917 2116 2973 illae
2167 2935 2473 2994 personae

263 3020 327 3080 in
368 3037 611 3081 scenam
655 3023 858 3077 essent
907 3016 1217 3091 inductae,
1278 3016 1485 3077 dedita
1528 3033 1721 3097 opera
1769 3014 2176 3096 probabiliter
2220 3019 2476 3098 exposi-

264 3129 413 3183 tum
446 3127 539 3181 est
591 3137 629 3181 a
684 3136 1009 3199 quoquam.
1106 3117 1292 3178 Nihili
1350 3123 1554 3179 autem
1607 3119 1971 3198 pensitanda
2030 3126 2123 3181 est
2180 3121 2478 3181 sententia

265 3222 580 3286 Suevernii
634 3220 876 3302 prolata
930 3220 994 3280 in
1051 3220 1560 3284 commentatione
1618 3220 1696 3281 de
1754 3221 2173 3302 Aristophanis
2231 3221 2477 3295 AvibuS,

267 3342 424 3403 quae
469 3330 562 3385 est
600 3323 760 3384 inter
791 3322 1329 3383 commentationes
1364 3322 1569 3382 classis
1606 3322 1936 3383 historicae
1971 3331 2034 3383 et
2066 3322 2476 3403 philologicae

264 3424 486 3504 regiae
528 3422 877 3483 academiae
930 3423 1315 3482 scientiarum
1364 3422 1803 3497 BerolinensiS,
1862 3441 1918 3482 a.
1966 3423 2126 3484 1827
2178 3425 2477 3497 recitataS,

265 3523 532 3585 Berolini
581 3542 636 3582 a.
675 3523 836 3583 1830
876 3524 1245 3602 publicatas,
1302 3524 1470 3604 cujus
1510 3522 1654 3583 libri
1692 3545 1754 3606 p.
1788 3526 1904 3584 101
1951 3525 2108 3585 haec
2148 3525 2476 3605 reperiun-

265 3631 365 3684 tur
404 3625 624 3686 verba:
688 3625 824 3684 «die
864 3643 988 3685 von
1028 3626 1133 3686 Vs·
1166 3624 1288 3685 267
1331 3621 1425 3685 bis
1470 3625 1591 3687 293
1637 3627 2292 3688 erscheinenden·vier
2335 3628 2478 3687 ein-

266 3726 480 3787 zelnen
520 3728 716 3808 Vogel
767 3726 1075 3808 gehiiren,
1134 3727 1252 3788 wie
1294 3727 1490 3792 sehon
1528 3747 1650 3789 von
1694 3728 1815 3788 den
1857 3728 2146 3789 Scholien
2197 3728 2478 3790 bemerkt

266 3828 443 3904 wird,
485 3830 651 3889 nicht
690 3831 798 3905 mit
837 3848 973 3889 zum
1015 3827 1245 3903 Chore,
1288 3829 1555 3889 sondern
1595 3830 1849 3890 werden
1892 3832 1980 3893 als
2022 3841 2276 3893 stumme
2319 3834 2476 3890 Per-

267 3949 462 3992 sonen
514 3949 629 3991 nur
678 3928 1223 4010 voriibergefiihrt,
1284 3950 1388 3990 um
1438 3930 1538 3989 die
1590 3931 1947 3993 satirischen
1995 3931 2476 4012 Bemerkungen,

268 4035 499 4098 welche
517 4082 519 4085 -
539 4036 643 4096 bei
669 4034 877 4117 jedem
910 4052 1034 4096 von
1070 4032 1259 4095 ihnen
1292 4034 1576 4115 gemacht
1606 4034 1880 4108 werden,
1924 4054 1998 4094 zu
2024 4035 2472 4097 veranlassen.»

270 4137 447 4212 Quis,
483 4154 741 4217 quaeso,
785 4145 851 4199 ut
890 4144 1150 4211 taceam,
1191 4154 1412 4197 revera
1449 4143 1696 4218 poetam
1737 4154 1864 4196 non
1906 4136 2164 4219 cujusvis
2205 4133 2479 4215 arripere

269 4240 395 4300 avis
439 4241 1081 4301 commemorationem
1121 4237 1201 4298 ad
1241 4245 1507 4322 satyram
1548 4238 1987 4312 adhibendam,
2028 4244 2260 4299 tantam
2299 4236 2479 4297 inso-

268 4337 516 4401 lentiam
569 4344 632 4403 in
674 4341 1167 4404 artificiosissima
1221 4340 1648 4423 elegantissimi
1705 4350 1930 4424 poetae
1984 4340 2194 4403 fabula
2245 4341 2475 4402 admitti
