3022 4934
476 478 705 578 anni,
771 504 872 554 ex
922 502 1086 582 quo
1136 502 1293 583 330
1343 475 1847 583 optimorum
1893 467 2285 576 sodalitio
2319 469 2725 579 juvenum

476 605 1094 714 philologorum
1165 603 1523 711 praefui.
1666 601 1838 705 Qui
1908 628 2164 707 quum
2231 600 2318 678 in
2388 627 2722 680 conses-

477 734 706 811 sibus
775 731 1131 839 singulis
1200 731 1863 810 bebdomadibus
1926 729 2234 808 habitis
2300 738 2384 807 et
2442 729 2723 837 dispu-

473 867 744 938 tantes
804 857 907 938 de
967 860 1810 940 commentationibus
1858 860 1962 936 ab
2008 857 2216 964 ipsis
2260 854 2596 964 scriptis
2646 866 2729 936 et

474 987 934 1096 scriptores
1010 989 1411 1070 classicos
1484 990 2127 1097 interpretantes
2202 983 2306 1065 de
2377 986 2728 1094 singulis
2868 1080 2870 1083 v

474 1116 607 1196 vel
655 1118 908 1198 rebus
958 1117 1088 1198 vel
1132 1118 1347 1199 locis
1397 1149 1527 1198 me
1571 1118 2107 1199 consulerent
2152 1125 2236 1195 et
2276 1145 2431 1224 330
2481 1116 2727 1196 vicis·
2773 1197 2777 1200 ,

475 1246 634 1324 sim
694 1274 1098 1353 responsa
1164 1245 1494 1348 darem,
1569 1247 1808 1354 plura
1869 1245 2382 1325 disserebam
2440 1243 2726 1323 forsan

476 1401 645 1465 non
734 1375 1078 1480 omnino
1154 1373 1546 1528 indigna,
1625 1404 1879 1502 quae
1911 1375 2623 1495 philologorum
2618 1380 2731 1475 et

477 1499 1224 1618 archaeologorum
1285 1505 1374 1582 in
1425 1504 1813 1636 notitiam
1868 1503 2474 1623 perferrentur
2589 1490 2733 1624 Ex

477 1620 797 1738 quibus
833 1662 1148 1765 pauca
1194 1634 1508 1747 selegi,
1556 1621 1893 1762 =..eaque
1939 1635 2263 1761 Ρ3ιιΙΙιι
2285 1628 2731 1758 copiosius

476 1769 560 1837 et
617 1748 1089 1881 accuratius
1146 1759 1498 1842 tractata
1560 1765 1757 1844 Tibi
1814 1742 2126 1863 tradidi
2174 1750 2666 1875 judicanda

647 1913 910 2017 Vale,
996 1916 1128 1996 vir
1186 1945 1545 2006 summe
1537 1916 2080 2017 venerande.
2108 1927 2193 1997 et
2249 1918 2727 2008 carissime.
2706 1886 2737 1976 ¹¹2

475 2044 712 2131 Deus
783 2041 921 2124 Ο-
951 2044 1094 2151 Μ
1114 2058 1446 2155 pergat
1499 2046 1724 2132 Tibi
1765 2045 2006 2139 dare
2035 2057 2473 2217 senectam
2523 2046 2730 2141 hila-

479 2200 657 2254 rem
717 2183 802 2255 et
859 2146 1269 2274 validam!
1385 2270 1390 2273 ¹

712 2330 1199 2412 Scribebam
1250 2330 1733 2438 Gottingae
1729 2363 1824 2412 -.3
1869 2274 1962 2420 d.
2003 2270 2171 2493 VII
2213 2331 2420 2412 Kal-.-
2451 2237 2729 2503 Majas

478 2459 1207 2542 MDCCGXLHI.
1550 2501 1557 2513 =
1762 2523 1768 2529 .
2481 2510 2486 2514 -
