3022 4934
1056 256 1521 318 -107-

155 421 426 501 positum
470 428 566 485 est
605 420 1132 505 illudXoeeocd‘ijc
1188 420 1629 506 βομβαύλιοι,
1686 423 1858 505 quod
1899 424 1986 485 ita
2027 423 2414 506 interpreta-

157 530 254 586 tus
294 532 391 588 cst
430 523 832 587 scholiastes:
911 515 1013 589 To}
1068 523 1195 591 τοῦ
1257 520 1576 604 Χαίριδος
1629 526 2155 607 πεπαιδευμένοι
2195 524 2239 609 ἢ
2287 553 2415 609 με·

153 626 510 701 infimae..
539 626 779 706 ,Χαῖρις
817 623 887 689 δὲ
930 616 1212 705 αὐλητὴς
1251 622 1544 704 Θηβαῖος
1579 624 1889 707 ἄμουσος.
1972 627 2253 705 Denique
2284 631 2413 688 Pa-

157 726 552 791 cis.-vs;,950
572 709 708 805 sqq.
733 731 1065 805 postquam
1086 726 1402 805 Trygaeus
1432 724 1603 801 dixit,
1641 734 1862 805 parata
1904 748 2043 788 esse
2080 729 2290 789 omnia
2332 732 2415 790 ad

153 825 664 910 sacrasacienda
711 823 979 892 »κούδὲν
1022 827 1184 910 ἴσχει
1225 819 1405 907 πλὴν
1444 820 1522 892 τὰ
1565 822 1909 910 πρόβατον
1949 822 2164 910 ἡμᾶς»
2187 875 2204 904 ,
2249 831 2413 892 cho-

155 946 258 988 rus
300 927 476 989 haec
503 926 655 988 facit
690 925 919 988 verba.
1453 958 1455 960 -

354 1021 710 1093 Οὔκουν
720 1018 1260 1108 οἷμιλλήσεσθονς
1293 1019 1403 1098 ὥς

404 1119 494 1208 ἢν
538 1126 793 1208 Χαῖρις
810 1122 1017 1200 υμᾶς
1042 1126 1177 1213 ἴδῃ,

294 1251 316 1274 ⁷·
407 1220 744 1306 πρόσεισιν
782 1218 996 1294 αυλῶν
1002 1221 1344 1340 ἄκλητος,

408 1313 597 1410 κᾷτα.
627 1317 779 1406 σάφ’
826 1315 1027 1390 οἶδ*ΜΣ
990 1348 1094 1391 οτι

409 1425 701 1503 φυσῶντι
740 1423 851 1505 καὶ
889 1424 1290 1505 ’πονουμένῳ

411 1515 812 1604 προςδῶσετε
863 1515 1106 1604 δήπου.

152 1617 264 1683 His
306 1618 510 1681 verbis
551 1620 715 1681 haec
756 1619 1084 1700 adscripsit
1123 1620 1527 1684 scholiastes:
1598 1620 1746 1687 Τῶν
1789 1619 1944 1704 περὶ
1988 1613 2107 1691 τοὶς
2167 1621 2419 1695 θυσίας

156 1714 465 1803 αὐλητῶν
505 1716 593 1803 ἦν
636 1720 675 1786 ὅ
728 1723 987 1804 Χαῖρις.
1068 1714 1213 1789 Ἠν
1257 1724 1329 1790 δὲ
1370 1724 1481 1789 καὶ
1524 1730 1741 1806 ἕτερος
1781 1717 2162 1804 κιθαρῳδός.
2250 1721 2415 1794 Qui-

156 1822 415 1886 buscum
458 1822 705 1904 egregie
748 1823 1078 1885 concinunt
1120 1844 1232 1900 ea,
1278 1844 1440 1906 quae
1482 1843 1522 1885 a
1562 1831 1775 1887 vetere
1813 1823 2152 1902 interprete
2201 1822 2413 1882 adno—

154 1927 286 1987 tata
326 1922 592 2001 suntad
633 1923 838 1984 locum
913 1925 1163 1985 Avium:
1228 1926 1470 2004 Χαῖρις
1534 1915 1743 2004 ᾦὸἄνι
1822 1917 1962 1992 Ὡς
2022 1914 2418 2002 αὐτομάτως

154 2020 462 2100 ἐπιόντος
517 2017 730 2101 αὐτοῦ
788 2034 929 2104 ταῖς
973 2016 1300 2106 εὐωχίαις.
1383 2018 1463 2081 Et
1516 2021 1802 2101 profecto
1868 2018 2046 2079 Pacis
2090 2016 2199 2077 ille
2239 2016 2415 2078 locus

158 2139 295 2180 cum
336 2120 552 2181 Avium
607 2119 808 2182 hocce
848 2116 1149 2200 im'primis
1211 2128 1308 2184 est
1350 2120 1842 2201 componendus.
1928 2117 2053 2179 Sed
2095 2115 2416 2179 molestias

157 2226 358 2296 creat,
403 2221 603 2302 quod,
648 2222 703 2281 si
744 2221 989 2283 scholia
1029 2222 1349 2303 sequeris,
1390 2222 1458 2282 ,is
1503 2222 1789 2292 Chaeris,
1860 2220 1966 2299 qui
2024 2216 2222 2277 altero
2265 2218 2413 2278 loco

156 2328 717 2398 commemoratur,
762 2322 1043 2386 diversus
1086 2341 1236 2384 esse·
1267 2323 1514 2384 videtur
1572 2324 1654 2385 ab
1700 2342 1780 2384 eo
1807 2368 1824 2397 ,
1885 2317 2058 2403 cujus
2105 2319 2304 2382 altero
2340 2317 2419 2377 fit

153 2421 411 2481 mentio.
495 2422 1076 2498 Verumenimvero,
1137 2429 1390 2486 revera'
1423 2422 1514 2484 ita
1571 2423 1793 2497 fuisse,
1855 2426 2095 2481 tantum
2148 2436 2277 2483 uon
2320 2425 2417 2479 est

154 2520 539 2581 incredibile.
624 2523 750 2582 Fac
779 2522 957 2587 ,enim
999 2520 1245 2603 singula
1283 2515 1530 2585 scholia
1571 2521 1829 2601 diversis
1872 2520 2088 2580 deberi
2130 2517 2416 2579 auctori-

154 2620 271 2680 bus
282 2664 299 2694 ,
343 2627 405 2680 et
444 2621 652 2683 statim
694 2622 1022 2702 apparebit
1061 2621 1228 2683 uude
1267 2622 1378 2684 illa
1418 2618 1838 2704 discrepantia
1877 2620 1960 2682 sit
2025 2617 2416 2698 explicanda,

158 2737 348 2798 quum
386 2722 756 2800 praesertim
796 2741 898 2785 res
953 2723 1126 2805 ipsa.
1156 2724 1247 2786 ita
1300 2721 1493 2785 fuerit
1555 2727 1944 2802 comparata,
2009 2725 2080 2780 ut
2119 2711 2418 2779 facillime

156 2817 378 2883 turbae
421 2821 734 2901 potuerint
776 2821 948 2885 oriri.
1032 2822 1199 2887 Fieri
1254 2821 1419 2885 enim
1462 2839 1616 2885 saue
1641 2823 1890 2902 potest,
1958 2826 2026 2882 ut
2083 2818 2210 2881 duo
2264 2818 2416 2880 sue-

154 2919 277 2980 rint
318 2919 655 2984 Ghaerides
699 2924 891 2987 iidem
931 2925 1215 2986 tibicines
1261 2930 1324 2984 et
1365 2921 1523 2984 alter
1563 2932 1644 2982 ex
1684 2917 2052 2983 citharoedo
2095 2918 2297 2979 factus
2334 2918 2416 2979 sit

155 3018 419 3096 tibicen,
463 3055 546 3068 —-
603 3043 725 3103 qua
766 3044 868 3102 re,
929 3032 998 3087 ut
1036 3044 1152 3105 per
1194 3021 1594 3102 occasionem
1650 3015 2020 3083 adnotemus
2038 3066 2056 3096 ,
2108 3019 2415 3100 probatur

155 3120 221 3182 id
281 3121 518 3201 ipsum,
579 3122 751 3204 quod
818 3143 1013 3206 supra
1067 3144 1133 3205 p.
1171 3125 1256 3187 59
1310 3121 1895 3193 demonstrabamus
1937 3119 2256 3181 contraria
2298 3137 2411 3180 ar-

157 3223 553 3301 gumentandi
625 3224 867 3294 ratione
929 3259 1016 3274 —-
1080 3231 1148 3287 ut
1222 3225 1302 3286 de
1376 3224 1571 3289 altero
1654 3229 1862 3284 autem
1925 3221 2160 3298 mentio
2227 3220 2417 3281 fuerit

119 3323 383 3408 'injecta
458 3324 625 3405 apud
677 3325 1014 3402 Cratinum3
1095 3333 1161 3385 at
1237 3323 1636 3398 Chaeridem‘,
1684 3324 1947 3404 ,quoties
2001 3322 2129 3384 hoc
2187 3340 2417 3383 nomen

157 3424 324 3502 apud
365 3422 850 3506 Aristophanem
882 3424 1213 3504 reperitur,
1264 3442 1512 3505 semper
1554 3440 1700 3485 esse
1737 3425 2007 3485 eundem
2047 3422 2412 3502 intelligen-

156 3523 303 3595 dum
336 3530 397 3586 et
420 3523 754 3601 tibicinem,
790 3524 1331 3624 persuasissimum
1371 3524 1783 3588 habeo.1ta
1823 3526 1878 3587 si
1901 3522 2243 3598 statueris,
2288 3521 2414 3582 ad-

153 3623 355 3686 hibito
397 3620 700 3706 imprimis
743 3624 912 3705 loce,
959 3625 1066 3705 qui
1110 3633 1207 3688 est
1241 3625 1331 3687 in
1347 3626 1518 3688 Pace
1544 3624 1793 3701 fabula,
1831 3623 2004 3687 ultro
2048 3624 2162 3686 tibi
2204 3638 2414 3701 appa-

154 3727 347 3803 rebit,
423 3747 532 3788 cur
571 3733 765 3807 poeta
803 3725 1119 3787 tibicinem
1161 3728 1391 3788 sacris
1413 3726 1714 3788 faciendis
1778 3744 2041 3808 operam
2083 3729 2412 3786 navantem

154 3825 810 3900 Chaeridem-'finxerit
856 3827 1272 3907 eundemque·
1305 3838 1582 3905 cervum,
1627 3825 1822 3896 modo
1885 3823 2242 3891 memineris
2283 3822 2412 3882 im·-

153 3926 364 4006 primis
408 3930 473 3989 in
514 3929 667 3993 hac.
700 3946 816 3991 ave
851 3924 858 3930 ”
885 3929 1041 4010 Jam
1073 3925 1390 3991 veteribus
1456 3927 1586 3992 tum
1648 3929 2052 4010 rapacitatem
2111 3931 2242 3986 tum
2282 3940 2411 3984 vo-

155 4026 477 4103 racitatem
539 4037 670 4092 tum
710 4026 1253 4105 insolentissimam
1303 4031 1829 4112 importunitatem
1857 4025 2266 4106 conspicuam
2309 4023 2413 4086 vi-

156 4146 293 4191 sam
322 4147 504 4208 esse3
546 4151 816 4195 corvum
862 4128 1153 4210 laiantem
1189 4130 1329 4193 &vel
1360 4132 2003 4214 pueri-cognoverunt
2044 4145 2123 4187 ex
2163 4124 2414 4186 Horatii

157 4228 281 4291 Sat.
323 4232 394 4310 11,
438 4233 498 4310 5,
542 4234 645 4310 56,
691 4239 960 4297 ceterum
1016 4231 1126 4294 cfr.
1168 4249 1316 4295 usus
1374 4231 1713 4307 verborum
1753 4229 2052 4318 κράζειν,
2093 4221 2416 4312 ’κορακεύ-
