3022 4934
1104 263 1564 327 -10'1—

205 433 457 510 ciliaret,
509 435 718 497 viuum
755 428 1190 514 praebendum
1219 433 1521 494 curavit».
1605 434 1833 497 Verum
1871 436 2032 497 enim
2073 453 2224 498 vero
2269 434 2460 496 facile

208 534 449 609 ducet,
485 534 646 596 haec
690 521 1051 613 conjectura
1092 541 1281 611 quam
1322 529 1568 597 infirmo
1602 540 1746 596 stet
1785 536 1951 610 talo,
2018 554 2222 614 neque
2262 534 2460 596 verba

201 620 312 698 nra
353 635 441 695 ita
483 638 770 712 accepta,
836 637 904 692 ut
944 630 1156 710 priore
1201 625 1385 705 loco,
1416 624 1679 715 'et'jure
1722 632 2004 712 quidem,
2065 634 2216 695 fecit
2254 636 2459 714 Berg-

201 728 374 806 Rius,
437 730 856 800 ad'2--eundem
912 722 1086 792 illum
1128 720 1372 789 rnorem
1427 749 1568 794 esse
1609 726 2085 793 referendam-'-
2151 736 2265 796 Est
2305 745 2456 796 vero

202 836 266 895 in
307 833 429 895 hac
489 850 718 895 caussa·
771 834 974 912 probe
1033 825 1407 907 cavendum,
1468 851 1549 895 ne
1604 833 2065 894 confundantur
2107 853 2267 913 quae
2331 852 2458 894 na-

201 940 340 994 tura
381 949 510 994 suax
539 929 784 992 diversa
811 937 971 992 suut.
1033 928 1184 996 „luis-
1214 929 1387 992 ·eni-m
1422 930 1580 995 locis
1616 927 1903 994 omuibus
1942 951 2077 992 non
2119 940 2216 993 est
2245 949 2454 993 sermo

201 1032 442 1095 nisi-de
482 1029 879 1109 largitionum
936 1029 1270 1107 ususqui,
1338 1029 1839 1104 aitMeinekius,
1910 1038 2173 1107 »postea
2213 1031 2462 1090 videtur

201 1130 627 1202 obsolevisse,
697 1148 816 1188 nec
857 1127 1046 1188 facile
1103 1114 1389 1193 bellaria·
1427 1126 1841 1192 comedebant
1879 1131 2287 1208 'spectantes,
2339 1126 2457 1188 nisi

199 1232 305 1312 qui
345 1230 466 1311 ipsi
494 1230 701 1291 >domo
730 1233 1287 1309 'apportassent'et
1348 1248 1488 1290 cum
1532 1217 1740 1288 futiles
1780 1226 2119 1288 histriones
2161 1228 2225 1289 in
2267 1236 2457 1290 s‘cena

199 1337 529 1414 agerent»,
594 1330 886 1410 iuquam
948 1328 1083 1391 rem
1149 1328 1385 1393 citavit·
1412 1315 2029 1404 ‘verlia‘Aristoteliffi
2105 1348 2268 1410 quae
2310 1338 2456 1390 sunt

197 1432 322 1497 eth.
389 1431 628 1493 Nicom.
688 1431 770 1504 X,
837 1430 898 1505 5,
959 1428 1094 1509 jam
1136 1445 1178 1488 a
1221 1417 1604 1489 Schneidero
1648 1426 1932 1507 «allegata
1985 1430 2247 1489 haecce:
2310 1428 2456 1493 οἷον

193 1530 301 1595 καὶ
356 1534 429 1595 ἐν
487 1541 629 1600 τοῖς
690 1525 1007 1609 θεάτροις
1069 1525 1134 1592 οἱ
1196 1525 1797 1611 τραγημάτίζοντες
1851 1522 2030 1591 ’ὅταν
2087 1528 2327 1609 φαῦλοι
2395 1532 2456 1591 οἱ

196 1625 694 1713 ἀγωνιζόμενοι·
724 1620 876 1705 ὦσι,-
937 1624 1089 1696 *trive
1134 1628 1446 1711 μᾶλιστα
1483 1618 1647 1693 αὐτὸ
1711 1624 1969 1709 δρῶσιν.
2053 1627 2234 1689 Hunc
2296 1646 2453 1690 vero

194 1731 469 1793 alterum·
521 1749 699 1792 usum
763 1728 1053 1793 omuibus
1104 1726 1492 1808 temporibus
1551 1716 1898 1788 ‘obtinuisse
1958 1733 2020 1787 et
2061 1734 2188 1788 tam
2231 1728 2286 1787 si
2332 1746 2455 1786 co-

192 1830 481 1894 moediae
519 1836 844 1912 agerentur
884 1848 1090 1911 neque
1132 1834 1341 1916 tamen
1382 1828 1533 1890 illae
1574 1827 1937 1908 largitiones
1974 1827 2217 1903 fierent,
2261 1844 2450 1908 quam

191 1930 245 1993 si
285 1929 668 2011 tragoediae,
710 1928 812 1990 vel
842 1932 1089 2009 perse·
1118 1935 1239 2008 pro
1284 1935 1459 1988 certo
1482 1942 1749 1986 sumere
1790 1925 1994 2000 licet}
2034 1927 2302 1989 eundem
2344 1935 2450 1989 ta-

191 2047 332 2090 men
392 2034 523 2088 'nou
580 2029 646 2087 iu
700 2034 935 2088 tantum
992 2021 1336 2088 invaluisse
1360 2073 1377 2101 ,
1425 2032 1511 2086 ut
1569 2024 1767 2103 quivis
1823 2044 1980 2086 unus
2044 2015 2449 2107 spectantium

189 2135 426 2189 tantum
468 2128 936 2213 bellariorum,.
970 2146 1049 2186 ne
1093 2127 1297 2187 dicam
1339 2126 1521 2200 cibi,
1547 2126 1741 2185 domo
1785 2115 2168 2203 apportaret,
2213 2137 2445 2208 quanto

191 2244 350 2305 opus
391 2225 654 2286 haberet
696 2226 778 2285 ad
819 2220 1051 2286 famem
1090 2223 1193 2288 vel
1235 2225 1318 2286 ad
1358 2209 1603 2304 tempus
1646 2226 2187 2302 compescendam,
2232 2227 2447 2288 et'illa

187 2321 617 2404 Aristophanis
671 2323 864 2384 verba
895 2330 984 2384 ·et
1031 2323 1172 2404 ipsa
1199 2323 1384 2386 haec
1447 2322 1811 2385 Aristotelia
1869 2318 2216 2388 accuratius
2288 2346 2447 2406 per-

186 2433 382 2502 pensa
440 2420 630 2482 fidem
669 2422 925 2483 faciunt.
971 2435 1055 2478 '-—
1111 2422 1303 2496 Quod
1330 2438 1511 2483 —vero
1554 2435 1744 2503 supra
1787 2422 2251 2501 affirmavimus,
2317 2444 2443 2507 ap-

181 2542 408 2610 parere
453 2541 531 2586 ex
564 2523 720 2586 loco
762 2516 1243 2604 Aristophauio,
1302 2522 1660 2586 comoedias
1713 2530 1859 2605 post
1901 2514 2223 2585 meridiem
2267 2533 2439 2587 actas

186 2646 352 2702 esse,
393 2626 809 2713 hujus‘ipsius
853 2625 1137 2688 fasbulae
1184 2627 1472 2707 exemplo
1519 2627 1934 2706 comprobare
1975 2628 2135 2703 licet,
2180 2636 2247 2690 ut
2288 2629 2439 2708 qui-

184 2727 327 2790 dem
368 2725 565 2787 videri
607 2732 832 2806 potest.
916 2726 1163 2789 Etenim
1202 2728 1312 2792 Vs.
1358 2729 1524 2806 1498
1550 2747 1645 2809 sq.
1688 2727 2060 2789 Prometheo
2103 2728 2192 2789 ita
2234 2728 2437 2790 inter-

180 2828 464 2910 roganti:
1621 2844 1624 2845 ⁷

419 2946 422 2949 ·
1325 2920 1569 3009 Πηνίτῖ
1609 2927 1784 2994 ἐστὶν
1832 2923 1971 3017 ἄρα,
1998 2927 2118 3009 τῆς
2158 2920 2451 3011 ἡμέρας-ἶ

178 3027 267 3090 sic
309 3025 647 3106 respondet
698 3026 1148 3088 Pisthetaerus:
2328 3074 2330 3076 .

424 3115 807 3208 Ὀιιηνὶκᾰς·
867 3121 1167 3206 Σμικρόν
1202 3134 1275 3188 ’τι
1315 3115 1491 3206 μετὰ
1536 3123 1990 3208 μεσημβρίαν.

178 3228 567 3306 Quamquam
607 3226 809 3307 probe
852 3227 1019 3301 scio,
1063 3224 1311 3286 minime
1355 3225 1775 3286 necessarium
1819 3242 1990 3300 esse,
2051 3230 2118 3285 ut
2155 3224 2430 3286 fabulam

177 3326 489 3406 aliquam,
531 3327 900 3406 praesertim
940 3325 1365 3405 tragoediam,
1411 3342 1485 3385 eo
1528 3324 1671 3405 ipsq
1725 3323 1850 3385 diei
1893 3330 2180 3405 tempore
2227 3332 2430 3385 actam

73 3466 78 3471 .
177 3417 562 3503 arbitremur,
622 3446 745 3506 quo
790 3446 957 3500 rem,
1023 3427 1271 3506 quade
1314 3425 1533 3505 agitur,
1578 3423 1869 3487 evenisse
1902 3424 2181 3506 fingitur,
2219 3432 2429 3485 tamen

175 3526 239 3586 in
279 3526 665 3589 hac‘cau'ssa
704 3530 849 3606 post
892 3542 986 3599 ea,
1025 3531 1212 3605 'quae
1255 3543 1443 3609 supra
1471 3526 1863 3600 ‘monuimuS‚
1918 3545 2094 3587 secus
2139 3531 2428 3592 statuen-

176 3628 504 3690 dumesse
565 3623 785 3706 aliquis
845 3625 1192 3687 existimare
1224 3627 1463 3707 possit,
1538 3627 1729 3706 idque
1787 3646 1863 3688 eo
1925 3627 2156 3707 magiS,
2256 3630 2426 3708 quod

172 3728 344 3789 nulla
404 3730 563 3790 ratio
608 3734 898 3808 apparet,
958 3747 1069 3788 cur
1109 3728 1311 3809 ipsum
1367 3730 1525 3790 illud
1589 3738 1831 3809 tempus
1876 3729 2136 3812 elegerit
2176 3729 2422 3790 Pisthe-

161 3834 380 3899 vtaerus
422 3830 627 3910 potius
672 3845 857 3906 quam
899 3828 1071 3888 aliud
1114 3831 1302 3907 quod.
1387 3833 1735 3906 Praeterea,
1780 3832 1834 3892 si
1880 3839 2093 3892 nostra
2117 3829 2423 3889 sententia

171 3926 356 3988 fuerit
395 3928 695 4006 probata,
738 3933 866 3988 tum
907 3927 1167 3988 verbum
1210 3922 1601 4010 ἄριστίζειν,
1642 3933 1814 4011 quod
1869 3930 2093 4008 legitur
2131 3930 2236 3989 Vs.
2274 3929 2419 4001 659,

170 4033 299 4087 tum
344 4045 576 4087 nomen
611 4023 904 4109 ἄριστον,
946 4027 1118 4104 quod
1145 4034 1240 4087 est
1280 4030 1386 4089 Vs·
1413 4032 1596 4103 1602,
1639 4030 1962 4108 proprium
1996 4047 2174 4088 suum
2215 4027 2419 4106 sigui-

169 4125 421 4188 ficatum
462 4129 765 4202 tuebitur-3
808 4143 951 4185 nam
991 4126 1056 4185 in
1098 4143 1197 4199 ec,
1243 4131 1415 4206 quod
1454 4130 1613 4190 haec
1655 4124 1938 4212 σμικρόν
1982 4150 2046 4191 τι
2088 4124 2262 4207 aevo}
2306 4154 2421 4206 με·

167 4227 507 4311 σημβρίαν
564 4227 664 4307 agi
704 4227 982 4308 fingitur,
1038 4229 1399 4305 praesertim
1443 4229 1495 4290 si
1549 4229 1912 4312 cogitaverit
1954 4246 2096 4290 esse
2145 4226 2227 4291 de
2268 4228 2419 4290 tali-
