3022 4934
1465 284 1875 342 „42-

569 467 974 514 marmoreum
1018 451 1098 510 ad
1140 466 1415 510 museum
1458 452 1989 512 Pioclementinum
2031 453 2358 534 pertinens,
2404 454 2571 532 quod
2611 475 2768 534 pro-

565 553 769 615 babile
828 558 922 613 est
975 550 1210 612 referre
1271 551 1735 615 celeberrimam
1795 552 2036 634 Scopae
2080 562 2340 617 statuam
2394 553 2460 614 in
2515 553 2768 616 aedibus

563 652 859 734 Apollinis
901 652 1156 714 Palatini
1200 651 1592 728 collocatam,
1658 655 2108 717 accuratissime
2149 658 2300 718 illud
2326 656 2496 718 inter
2540 674 2771 727 omnes,

567 775 725 835 quae
769 754 970 816 adhuc
1013 763 1287 832 exstant,
1328 755 1630 837 Apollinis
1674 757 2025 819 citharoedi
2055 758 2351 837 imagines
2396 764 2674 820 ornatum
2712 763 2773 816 et

563 850 859 919 vestitum
885 856 1330 920 citharistarum
1369 857 1471 920 vel
1514 857 2013 920 citharoedorum
2057 856 2382 930 exhibens,
2419 857 2543 917 vid.
2591 858 2771 919 «Mu-

563 956 669 1017 see
711 956 1049 1033 Francois»
1108 959 1170 1019 P.
1212 958 1269 1032 I,
1325 958 1450 1019 tab.
1479 960 1517 1019 5
1563 966 1624 1019 et
1664 958 1946 1020 Muelleri
2008 956 2414 1019 «Denkmiiler
2455 956 2569 1017 der
2610 959 2773 1018 alten

564 1058 831 1131 Kunst»,
876 1059 944 1116 T.
975 1057 1198 1133 1,«tah.
1229 1060 1495 1134 XXXII,
1542 1062 1682 1136 141,
1710 1078 1765 1119 a.
1850 1058 2187 1121 Tibicinum
2228 1077 2377 1121 vero
2421 1081 2537 1140 κρο
2581 1056 2775 1135 πέζια

564 1157 966 1236 perhibentur
1007 1159 1229 1235 fuisse,
1288 1162 1537 1222 Boeotis
1589 1161 1908 1242 proprium
1968 1159 2366 1222 calceamenti
2407 1177 2629 1241 genus,
2696 1157 2774 1216 de

566 1277 690 1335 quo
735 1266 992 1337 egerunt
1043 1258 1373 1319 Salmasius
1435 1261 1516 1319 ad
1557 1261 1888 1339 scriptores
1929 1262 2004 1319 H.
2045 1261 2116 1320 A.
2178 1263 2246 1321 T.
2280 1252 2351 1321 II.
2391 1282 2452 1341 p.
2478 1259 2601 1321 838
2644 1278 2775 1338 sqq.

564 1355 680 1437 (ed.
720 1357 914 1437 Lugd.
966 1358 1096 1417 Bat.
1139 1374 1201 1417 a.
1246 1357 1425 1439 1671)
1488 1366 1549 1419 et
1602 1360 1986 1439 Boettigerus
2056 1362 2242 1439 «quid
2282 1362 2363 1421 sit
2404 1361 2628 1421 docere
2670 1360 2776 1418 fa-

564 1459 810 1518 bulam»
857 1457 1089 1536 proluS.
1134 1459 1233 1519 alt.
1276 1479 1337 1538 p.
1366 1460 1407 1520 6
1438 1481 1573 1539 sqq.
1618 1461 1757 1520 adn.
1803 1459 2098 1542 (opuscul.
2139 1481 2201 1541 p.
2234 1461 2357 1522 303
2398 1460 2551 1539 sq.);
2596 1457 2777 1518 testi-

565 1557 774 1617 monia
837 1566 1276 1639 congesserunt
1338 1558 1746 1622 Schneiderus
1811 1562 1851 1621 l.
1905 1582 1954 1622 c.
2014 1582 2074 1642 p.
2128 1554 2249 1624 '104
2324 1570 2385 1622 et
2439 1556 2775 1622 Meinekius

570 1659 882 1720 «Historia
914 1661 1130 1721 'critica
1174 1661 1558 1722 Comicorum
1603 1663 2013 1723 Graecorum»
2060 1683 2120 1742 p.
2155 1664 2296 1725 336.

567 1829 833 1895 Pei-gitur.
910 1829 1192 1893 Probatur,
1233 1834 1434 1900 gallum
1469 1834 1822 1901 gallinaceum
1873 1841 1927 1884 et
1960 1835 2178 1884 alteram
2215 1851 2446 1903 upupam
2480 1834 2655 1885 cristis
2692 1850 2775 1882 ca·

566 1914 759 1964 ruisse.
834 1915 1149 1984 Disputatur
1195 1919 1259 1969 de
1294 1920 1524 1970 luscinia
1571 1919 1796 1970 tibicina
1830 1921 1999 1987 deque
2049 1938 2205 1970 corvo
2255 1920 2480 1971 tibicine
2514 1922 2584 1971 ad
2616 1922 2776 1970 inter-

568 2004 856 2072 pretandos
892 2005 1075 2067 locos,
1114 2006 1208 2075 qui
1242 2013 1368 2057 sunt
1401 2007 1494 2057 Vs.
1535 2005 1637 2057 658
1658 2024 1773 2075 sqq.
1813 2014 1866 2057 et
1901 2004 1996 2058 Vs.
2036 2007 2137 2058 859
2162 2025 2279 2077 sqq.
2354 2010 2650 2078 Exponitur
2692 2024 2776 2058 ac-

568 2093 803 2141 curatius
822 2128 839 2151 ,
897 2111 1032 2159 quae
1079 2095 1151 2144 sit
1201 2094 1389 2171 borum
1444 2097 1667 2144 duorum
1718 2095 2038 2144 musicorum
2094 2100 2148 2144 et
2198 2095 2335 2144 ratio
2386 2100 2440 2144 et
2484 2094 2674 2144 relatio
2710 2095 2777 2144 ad

672 2179 818 2228 illos.
891 2180 1082 2245 Agitur
1115 2182 1173 2229 in
1208 2186 1515 2231 transcursu
1552 2182 1618 2229 de
1656 2179 1841 2229 Batalo
1888 2184 1944 2228 et
1987 2181 2307 2244 Antigenida
2339 2179 2671 2253 tibicinibus.

729 2276 895 2354 Ergo
959 2276 1440 2338 demonstratum
1502 2276 1775 2352 videtur,
1836 2275 2141 2338 vocabula
2196 2269 2435 2353 λόφος,
2502 2268 2801 2353 λόφωσις

567 2398 692 2438 non
751 2384 1031 2456 spectare
1089 2378 1168 2437 ad
1232 2379 1444 2439 cristas
1511 2385 1798 2455 quattuor
1839 2377 2059 2439 avium.
2164 2374 2501 2437 Fatendum
2555 2380 2779 2446 tamen,

520 2542 523 2546 ,
564 2479 800 2539 habere
845 2487 1118 2538 nostram
1160 2480 1522 2539 sententiam
1566 2479 2041 2554 dubitationem,
2085 2497 2229 2537 num
2268 2477 2371 2537 hic
2409 2481 2599 2555 poeta
2638 2481 2779 2552 apte

566 2580 682 2654 ita,
726 2586 794 2639 ut
834 2579 1418 2654 demonstravimus,
1462 2599 1608 2639 usus
1650 2580 1729 2641 sit
1768 2580 1889 2640 illis
1920 2578 2257 2651 vocabulis,
2299 2575 2600 2654 siquidem
2640 2573 2779 2652 gal-

569 2681 699 2741 lum
742 2680 1143 2761 gallinaceum
1187 2687 1248 2740 et
1292 2679 1547 2740 alteram
1589 2699 1857 2761 upupam
1898 2698 2115 2742 revera
2159 2676 2383 2752 cristiS,
2427 2693 2577 2758 quas
2619 2692 2779 2753 pro—

570 2783 707 2863 prie
749 2781 1049 2861 appellari
1093 2778 1334 2863 λόφους
1375 2788 1591 2862 notum
1635 2788 1761 2856 est,
1822 2781 2141 2841 instructas
2184 2774 2561 2857 produxerit.
2646 2772 2784 2847 Qua

569 2887 648 2944 de
689 2903 792 2958 re,
836 2902 915 2942 ne
959 2883 1092 2962 quis
1151 2882 1229 2942 ab
1272 2882 1393 2941 hac
1435 2888 1612 2960 parte
1671 2888 1777 2942 aut
1817 2881 1998 2942 nobis
2043 2879 2420 2941 contradicat
2461 2883 2567 2938 aut
2607 2896 2782 2935 sum-

571 3005 737 3047 mum
781 2986 1095 3046 Comicum
1134 2983 1267 3044 vitii
1311 2984 1559 3045 crimine
1604 2991 1853 3059 oneret,
1895 2982 2323 3062 inquirendum
2362 2979 2485 3040 erit
2525 2985 2785 3039 accura-

574 3090 727 3161 tiuS,
768 3086 925 3146 illud
967 3103 1113 3144 num
1155 3101 1300 3143 vere
1341 3082 1545 3143 locum
1585 3084 1906 3158 habuerit,
1964 3101 2043 3143 an
2096 3082 2308 3143 minuS.
2415 3082 2492 3141 Et
2545 3079 2803 3142 videtur'

574 3187 758 3249 nobis
803 3184 1087 3265 speciose
1145 3183 1610 3242 commonstrari
1665 3201 1886 3261 posse,
1940 3188 2219 3242 neutram
2262 3199 2437 3241 avem
2479 3180 2787 3241 cristatam

572 3290 778 3348 fuisse.
862 3284 1228 3363 Incipiamus
1274 3283 1353 3342 ab
1399 3283 1593 3343 altera
1636 3302 1858 3363 upupa.
1940 3282 2243 3363 Priorem,
2309 3281 2574 3339 Procnes
2616 3280 2787 3338 illum

573 3388 890 3460 maritum,
915 3383 1278 3467 -τριλοφίαν
1321 3383 1649 3459 habuisse,
1692 3401 1877 3463 supra
1918 3382 2195 3444 vidimus.
2281 3378 2406 3441 Sed
2435 3397 2570 3440 eam
2609 3396 2787 3439 avum

575 3511 712 3552 esse
773 3488 1024 3549 alterius
1069 3505 1313 3566 upupae
1355 3493 1532 3564 patre
1575 3493 1757 3546 natae
1798 3504 1889 3561 ea,
1934 3502 2115 3564 quam
2151 3483 2456 3543 Philocles
2506 3480 2789 3540 foediore

576 3601 828 3673 aspectu
902 3589 1296 3669 descripserit
1351 3587 1452 3647 vel
1506 3589 1709 3668 potius
1764 3585 2153 3667 produxerit,
2233 3581 2657 3665 cognoscimus
2712 3599 2791 3639 ex

577 3698 740 3772 loco,
786 3698 889 3773 qui
933 3701 1026 3754 est
1081 3693 1185 3753 Vs.
1230 3690 1348 3753 281
1398 3708 1563 3769 sqq.,
1610 3688 1687 3749 de
1728 3707 1851 3768 quo
1897 3688 2243 3768 nuperrime
2286 3680 2614 3764 disputavit
2656 3680 2790 3741 Gu-

488 3774 493 3778 ’
575 3805 780 3857 stavus
841 3796 1119 3853 Exnerus
1179 3792 1419 3852 dissert.
1498 3790 1620 3849 «de
1677 3788 1894 3850 schola
1943 3786 2233 3869 Aeschyli
2295 3794 2358 3861 et
2414 3782 2792 3863 trilogiarum

574 3899 851 3958 ratione»
901 3915 961 3973 p.
994 3894 1073 3952 10
1113 3913 1245 3970 sqq.
1328 3895 1528 3973 Ergo,
1575 3912 1760 3970 quum
1802 3890 1953 3950 nihil
1997 3908 2252 3952 caussae
2297 3887 2403 3959 sit,
2466 3902 2573 3943 cur
2612 3880 2792 3958 prio-

576 4019 706 4060 rem
751 4014 1019 4078 upupam
1066 3994 1446 4074 decrepitum
1487 3993 1676 4053 fuisse
1720 4010 1928 4053 senem
1973 3991 2414 4062 existimemuS,
2457 3988 2793 4045 consenta-

579 4120 760 4160 neum
805 4104 928 4172 est,
974 4103 1040 4156 ut
1072 4096 1325 4157 alteram
1369 4094 1603 4175 pullam
1645 4094 2031 4175 cogitandam
2071 4108 2207 4152 esse
2244 4086 2588 4159 credamus;
2633 4080 2794 4142 unde

580 4221 783 4260 rursus
828 4198 1131 4279 sequitur,
1187 4207 1251 4258 ut
1324 4199 1509 4258 crista
1572 4196 1849 4258 caruerit.
1936 4196 2129 4254 Porro
2199 4190 2370 4271 quod
2436 4187 2513 4245 ad
2542 4184 2793 4263 -gallum

578 4302 979 4383 gallinaceum
1024 4302 1267 4375 attinet,
1312 4302 1569 4364 vidimus
1615 4319 1799 4375 sane,
1872 4297 1970 4362 vel
2011 4297 2074 4358 in
2117 4296 2235 4358 hac
2294 4289 2507 4354 fabula
2551 4288 2794 4351 cristam
