<?xml version="1.0" encoding="UTF-8"?>
<!DOCTYPE html PUBLIC "-//W3C//DTD XHTML 1.0 Transitional//EN"
    "http://www.w3.org/TR/xhtml1/DTD/xhtml1-transitional.dtd">
<html xmlns="http://www.w3.org/1999/xhtml" xml:lang="en" lang="en">
 <head>
  <title>
</title>
<meta http-equiv="Content-Type" content="text/html;charset=utf-8" />
  <meta name='ocr-system' content='tesseract 3.04.00' />
  <meta name='ocr-capabilities' content='ocr_page ocr_carea ocr_par ocr_line ocrx_word'/>
</head>
<body>
  <div class='ocr_page' id='page_1' title='image "4770919_0114.png"; bbox 0 0 3022 4934; ppageno 0'>
   <div class='ocr_carea' id='block_1_1' title="bbox 1395 281 1861 342">
    <p class='ocr_par' dir='ltr' id='par_1_1' title="bbox 1395 281 1861 342">
     <span class='ocr_line' id='line_1_1' title="bbox 1395 281 1861 342; baseline -0.009 -12"><span class='ocrx_word' id='word_1_1' title='bbox 1395 281 1861 342; x_wconf 74' lang='lat'>—100—</span> 
     </span>
    </p>
   </div>
   <div class='ocr_carea' id='block_1_2' title="bbox 496 449 2758 1122">
    <p class='ocr_par' dir='ltr' id='par_1_2' title="bbox 496 449 2758 1122">
     <span class='ocr_line' id='line_1_2' title="bbox 509 449 2758 530; baseline -0.001 -16"><span class='ocrx_word' id='word_1_2' title='bbox 509 450 945 526; x_wconf 89' lang='lat' dir='ltr'>dubitandum,</span> <span class='ocrx_word' id='word_1_3' title='bbox 1029 449 1175 530; x_wconf 90' lang='lat' dir='ltr'>quin</span> <span class='ocrx_word' id='word_1_4' title='bbox 1237 467 1338 524; x_wconf 90' lang='lat' dir='ltr'>ea,</span> <span class='ocrx_word' id='word_1_5' title='bbox 1404 468 1566 529; x_wconf 90' lang='lat' dir='ltr'>quae</span> <span class='ocrx_word' id='word_1_6' title='bbox 1630 450 1966 510; x_wconf 90' lang='lat' dir='ltr'>secundum</span> <span class='ocrx_word' id='word_1_7' title='bbox 2035 450 2200 514; x_wconf 90' lang='lat' dir='ltr'>hunc</span> <span class='ocrx_word' id='word_1_8' title='bbox 2265 450 2615 511; x_wconf 84' lang='lat' dir='ltr'>referantur</span> <span class='ocrx_word' id='word_1_9' title='bbox 2679 453 2758 512; x_wconf 93' lang='lat' dir='ltr'>ab</span> 
     </span>
     <span class='ocr_line' id='line_1_3' title="bbox 504 548 2758 628; baseline 0 -20"><span class='ocrx_word' id='word_1_10' title='bbox 504 550 866 623; x_wconf 84' lang='lat' dir='ltr'><strong>Athenaeo,</strong></span> <span class='ocrx_word' id='word_1_11' title='bbox 932 552 1014 611; x_wconf 90' lang='lat' dir='ltr'>ad</span> <span class='ocrx_word' id='word_1_12' title='bbox 1072 549 1243 609; x_wconf 92' lang='lat' dir='ltr'>solas</span> <span class='ocrx_word' id='word_1_13' title='bbox 1308 552 1669 612; x_wconf 82' lang='lat' dir='ltr'><strong>comoedias</strong></span> <span class='ocrx_word' id='word_1_14' title='bbox 1706 556 2033 628; x_wconf 86' lang='lat' dir='ltr'>.spectent.</span> <span class='ocrx_word' id='word_1_15' title='bbox 2120 548 2365 628; x_wconf 80' lang='lat' dir='ltr'><strong>Quippe</strong></span> <span class='ocrx_word' id='word_1_16' title='bbox 2421 549 2604 608; x_wconf 89' lang='lat' dir='ltr'>etiam</span> <span class='ocrx_word' id='word_1_17' title='bbox 2664 567 2758 623; x_wconf 87' lang='lat' dir='ltr'>ea,</span> 
     </span>
     <span class='ocr_line' id='line_1_4' title="bbox 502 645 2756 726; baseline -0 -19"><span class='ocrx_word' id='word_1_18' title='bbox 502 665 662 725; x_wconf 92' lang='lat' dir='ltr'>quae</span> <span class='ocrx_word' id='word_1_19' title='bbox 707 666 745 707; x_wconf 94' lang='lat' dir='ltr'>a</span> <span class='ocrx_word' id='word_1_20' title='bbox 787 649 1166 709; x_wconf 86' lang='lat' dir='ltr'>Philochoro</span> <span class='ocrx_word' id='word_1_21' title='bbox 1212 647 1292 707; x_wconf 91' lang='lat' dir='ltr'>de</span> <span class='ocrx_word' id='word_1_22' title='bbox 1336 647 1479 708; x_wconf 89' lang='lat' dir='ltr'>vino</span> <span class='ocrx_word' id='word_1_23' title='bbox 1527 645 1603 709; x_wconf 55' lang='lat' dir='ltr'>et*</span> <span class='ocrx_word' id='word_1_24' title='bbox 1639 646 1915 709; x_wconf 90' lang='lat' dir='ltr'>bellariis</span> <span class='ocrx_word' id='word_1_25' title='bbox 1960 646 2380 726; x_wconf 76' lang='lat' dir='ltr'>spectantibus</span> <span class='ocrx_word' id='word_1_26' title='bbox 2425 645 2756 724; x_wconf 88' lang='lat' dir='ltr'>antiquitus</span> 
     </span>
     <span class='ocr_line' id='line_1_5' title="bbox 501 730 2757 828; baseline 0 -23"><span class='ocrx_word' id='word_1_27' title='bbox 501 746 727 806; x_wconf 87' lang='lat' dir='ltr'>oblatis</span> <span class='ocrx_word' id='word_1_28' title='bbox 770 747 859 808; x_wconf 91' lang='lat' dir='ltr'>ita</span> <span class='ocrx_word' id='word_1_29' title='bbox 901 748 1126 809; x_wconf 88' lang='lat' dir='ltr'>tradita</span> <span class='ocrx_word' id='word_1_30' title='bbox 1172 765 1307 808; x_wconf 89' lang='lat' dir='ltr'>esse</span> <span class='ocrx_word' id='word_1_31' title='bbox 1351 746 1645 828; x_wconf 78' lang='lat' dir='ltr'>le&#39;gimuS,</span> <span class='ocrx_word' id='word_1_32' title='bbox 1713 746 1888 828; x_wconf 87' lang='lat' dir='ltr'>quasi</span> <span class='ocrx_word' id='word_1_33' title='bbox 1932 764 2009 806; x_wconf 91' lang='lat' dir='ltr'>ea</span> <span class='ocrx_word' id='word_1_34' title='bbox 2053 766 2152 806; x_wconf 82' lang='lat' dir='ltr'>res</span> <span class='ocrx_word' id='word_1_35' title='bbox 2194 764 2443 823; x_wconf 86' lang='lat' dir='ltr'>semper</span> <span class='ocrx_word' id='word_1_36' title='bbox 2482 730 2600 805; x_wconf 84' lang='lat' dir='ltr'>usu</span> <span class='ocrx_word' id='word_1_37' title='bbox 2630 764 2757 805; x_wconf 85' lang='lat' dir='ltr'>-ve-</span> 
     </span>
     <span class='ocr_line' id='line_1_6' title="bbox 499 839 2754 928; baseline 0 -24"><span class='ocrx_word' id='word_1_38' title='bbox 499 846 726 920; x_wconf 88' lang='lat' dir='ltr'>nisset,</span> <span class='ocrx_word' id='word_1_39' title='bbox 774 847 853 908; x_wconf 92' lang='lat' dir='ltr'>de</span> <span class='ocrx_word' id='word_1_40' title='bbox 898 868 1023 928; x_wconf 89' lang='lat' dir='ltr'>quo</span> <span class='ocrx_word' id='word_1_41' title='bbox 1073 850 1194 922; x_wconf 81' lang='lat' dir='ltr'>est&#39;,</span> <span class='ocrx_word' id='word_1_42' title='bbox 1254 847 1426 927; x_wconf 92' lang='lat' dir='ltr'>quod</span> <span class='ocrx_word' id='word_1_43' title='bbox 1470 848 1778 922; x_wconf 83' lang='lat' dir='ltr'>dubitem,</span> <span class='ocrx_word' id='word_1_44' title='bbox 1842 860 1972 908; x_wconf 86' lang='lat' dir='ltr'>non</span> <span class='ocrx_word' id='word_1_45' title='bbox 2013 843 2223 907; x_wconf 78' lang='lat' dir='ltr'>val&#39;ere</span> <span class='ocrx_word' id='word_1_46' title='bbox 2266 846 2346 906; x_wconf 86' lang='lat' dir='ltr'>de</span> <span class='ocrx_word' id='word_1_47' title='bbox 2397 839 2754 924; x_wconf 82' lang='lat' dir='ltr'>tragoediis,</span> 
     </span>
     <span class='ocr_line' id='line_1_7' title="bbox 499 936 2753 1024; baseline 0 -21"><span class='ocrx_word' id='word_1_48' title='bbox 499 951 667 1004; x_wconf 89' lang='lat' dir='ltr'>certe</span> <span class='ocrx_word' id='word_1_49' title='bbox 710 963 838 1005; x_wconf 91' lang='lat' dir='ltr'>non</span> <span class='ocrx_word' id='word_1_50' title='bbox 884 945 1005 1020; x_wconf 91' lang='lat' dir='ltr'>ita,</span> <span class='ocrx_word' id='word_1_51' title='bbox 1065 953 1131 1006; x_wconf 94' lang='lat' dir='ltr'>ut</span> <span class='ocrx_word' id='word_1_52' title='bbox 1173 936 1420 1024; x_wconf 66' lang='lat' dir='ltr'>semp&#39;er</span> <span class='ocrx_word' id='word_1_53' title='bbox 1461 965 1577 1006; x_wconf 91' lang='lat' dir='ltr'>usu</span> <span class='ocrx_word' id='word_1_54' title='bbox 1619 945 1866 1007; x_wconf 82' lang='lat' dir='ltr'>venisse</span> <span class='ocrx_word' id='word_1_55' title='bbox 1908 941 2249 1024; x_wconf 89' lang='lat' dir='ltr'>putandum</span> <span class='ocrx_word' id='word_1_56' title='bbox 2291 943 2401 1017; x_wconf 89' lang='lat' dir='ltr'>sit,</span> <span class='ocrx_word' id='word_1_57' title='bbox 2443 942 2753 1004; x_wconf 69' lang='lat' dir='ltr'>hic‘idem</span> 
     </span>
     <span class='ocr_line' id='line_1_8' title="bbox 496 1033 2753 1122; baseline 0 -21"><span class='ocrx_word' id='word_1_58' title='bbox 496 1043 671 1104; x_wconf 92' lang='lat' dir='ltr'>locus</span> <span class='ocrx_word' id='word_1_59' title='bbox 715 1044 1190 1122; x_wconf 84' lang='lat' dir='ltr'>Aristophanius</span> <span class='ocrx_word' id='word_1_60' title='bbox 1237 1044 1614 1105; x_wconf 88' lang='lat' dir='ltr'>documento</span> <span class='ocrx_word' id='word_1_61' title='bbox 1662 1048 1772 1104; x_wconf 89' lang='lat' dir='ltr'>est.</span> <span class='ocrx_word' id='word_1_62' title='bbox 1856 1042 2146 1104; x_wconf 85' lang='lat' dir='ltr'>Profecto</span> <span class='ocrx_word' id='word_1_63' title='bbox 2191 1050 2315 1103; x_wconf 91' lang='lat' dir='ltr'>tam</span> <span class='ocrx_word' id='word_1_64' title='bbox 2356 1043 2420 1103; x_wconf 91' lang='lat' dir='ltr'>in</span> <span class='ocrx_word' id='word_1_65' title='bbox 2451 1033 2753 1103; x_wconf 82' lang='lat' dir='ltr'>Athenaei</span> 
     </span>
    </p>
   </div>
   <div class='ocr_carea' id='block_1_3' title="bbox 497 1141 2754 1324">
    <p class='ocr_par' dir='ltr' id='par_1_3' title="bbox 497 1141 2754 1324">
     <span class='ocr_line' id='line_1_9' title="bbox 501 1141 2751 1222; baseline -0.001 -18"><span class='ocrx_word' id='word_1_66' title='bbox 501 1159 688 1221; x_wconf 91' lang='lat' dir='ltr'>quam</span> <span class='ocrx_word' id='word_1_67' title='bbox 733 1143 797 1204; x_wconf 91' lang='lat' dir='ltr'>in</span> <span class='ocrx_word' id='word_1_68' title='bbox 838 1142 1199 1205; x_wconf 83' lang='lat' dir='ltr'>Philochori</span> <span class='ocrx_word' id='word_1_69' title='bbox 1240 1144 1446 1206; x_wconf 89' lang='lat' dir='ltr'>verbis</span> <span class='ocrx_word' id='word_1_70' title='bbox 1489 1144 1730 1219; x_wconf 86' lang='lat' dir='ltr'>insunt,</span> <span class='ocrx_word' id='word_1_71' title='bbox 1774 1158 1935 1222; x_wconf 87' lang='lat' dir='ltr'>quae</span> <span class='ocrx_word' id='word_1_72' title='bbox 1979 1143 2149 1204; x_wconf 89' lang='lat' dir='ltr'>illam</span> <span class='ocrx_word' id='word_1_73' title='bbox 2215 1141 2579 1203; x_wconf 87' lang='lat' dir='ltr'>sententiam</span> <span class='ocrx_word' id='word_1_74' title='bbox 2628 1142 2751 1201; x_wconf 92' lang='lat' dir='ltr'>ad-</span> 
     </span>
     <span class='ocr_line' id='line_1_10' title="bbox 497 1241 2754 1324; baseline 0.002 -24"><span class='ocrx_word' id='word_1_75' title='bbox 497 1243 753 1300; x_wconf 89' lang='lat' dir='ltr'>modum</span> <span class='ocrx_word' id='word_1_76' title='bbox 797 1241 1187 1317; x_wconf 89' lang='lat' dir='ltr'>probabilem</span> <span class='ocrx_word' id='word_1_77' title='bbox 1252 1242 1519 1299; x_wconf 86' lang='lat' dir='ltr'>reddere</span> <span class='ocrx_word' id='word_1_78' title='bbox 1562 1243 1755 1300; x_wconf 87' lang='lat' dir='ltr'>videri</span> <span class='ocrx_word' id='word_1_79' title='bbox 1797 1243 2060 1319; x_wconf 87' lang='lat' dir='ltr'>possint.</span> <span class='ocrx_word' id='word_1_80' title='bbox 2164 1244 2327 1316; x_wconf 88' lang='lat' dir='ltr'>Sed,</span> <span class='ocrx_word' id='word_1_81' title='bbox 2394 1250 2459 1304; x_wconf 89' lang='lat' dir='ltr'>ut</span> <span class='ocrx_word' id='word_1_82' title='bbox 2519 1262 2597 1304; x_wconf 85' lang='lat' dir='ltr'>ea</span> <span class='ocrx_word' id='word_1_83' title='bbox 2639 1263 2754 1324; x_wconf 84' lang='lat' dir='ltr'>per</span> 
     </span>
    </p>
   </div>
   <div class='ocr_carea' id='block_1_4' title="bbox 402 1337 2791 4325">
    <p class='ocr_par' dir='ltr' id='par_1_4' title="bbox 402 1337 2791 4325">
     <span class='ocr_line' id='line_1_11' title="bbox 495 1337 2751 1419; baseline 0.002 -22"><span class='ocrx_word' id='word_1_84' title='bbox 495 1337 674 1399; x_wconf 75' lang='lat' dir='ltr'>hunc</span> <span class='ocrx_word' id='word_1_85' title='bbox 715 1340 925 1400; x_wconf 91' lang='lat' dir='ltr'>locum</span> <span class='ocrx_word' id='word_1_86' title='bbox 968 1347 1134 1400; x_wconf 85' lang='lat' dir='ltr'>stare</span> <span class='ocrx_word' id='word_1_87' title='bbox 1175 1340 1392 1419; x_wconf 85' lang='lat' dir='ltr'>possit,</span> <span class='ocrx_word' id='word_1_88' title='bbox 1437 1339 1659 1399; x_wconf 89' lang='lat' dir='ltr'>mirum</span> <span class='ocrx_word' id='word_1_89' title='bbox 1682 1347 1777 1400; x_wconf 88' lang='lat' dir='ltr'>est</span> <span class='ocrx_word' id='word_1_90' title='bbox 1801 1346 2025 1412; x_wconf 89' lang='lat' dir='ltr'>tamen,</span> <span class='ocrx_word' id='word_1_91' title='bbox 2068 1340 2258 1419; x_wconf 85' lang='lat' dir='ltr'>quod,</span> <span class='ocrx_word' id='word_1_92' title='bbox 2301 1343 2354 1402; x_wconf 88' lang='lat' dir='ltr'>si</span> <span class='ocrx_word' id='word_1_93' title='bbox 2384 1356 2597 1406; x_wconf 81' lang='lat' dir='ltr'>verum</span> <span class='ocrx_word' id='word_1_94' title='bbox 2638 1352 2751 1418; x_wconf 89' lang='lat' dir='ltr'>est,</span> 
     </span>
     <span class='ocr_line' id='line_1_12' title="bbox 494 1438 2749 1522; baseline 0 -23"><span class='ocrx_word' id='word_1_95' title='bbox 494 1440 668 1518; x_wconf 91' lang='lat' dir='ltr'>quod</span> <span class='ocrx_word' id='word_1_96' title='bbox 701 1440 1035 1500; x_wconf 82' lang='lat' dir='ltr'>arbitratur</span> <span class='ocrx_word' id='word_1_97' title='bbox 1074 1438 1417 1502; x_wconf 86' lang='lat' dir='ltr'>Meinekius</span> <span class='ocrx_word' id='word_1_98' title='bbox 1457 1441 1537 1501; x_wconf 91' lang='lat' dir='ltr'>de</span> <span class='ocrx_word' id='word_1_99' title='bbox 1566 1440 1915 1521; x_wconf 75' lang='lat' dir='ltr'>fragmento</span> <span class='ocrx_word' id='word_1_100' title='bbox 1955 1440 2369 1501; x_wconf 86' lang='lat' dir='ltr'>Pherecrateo</span> <span class='ocrx_word' id='word_1_101' title='bbox 2397 1457 2586 1522; x_wconf 86' lang='lat' dir='ltr'>agens</span> <span class='ocrx_word' id='word_1_102' title='bbox 2628 1441 2670 1500; x_wconf 96' lang='lat' dir='ltr'>l.</span> <span class='ocrx_word' id='word_1_103' title='bbox 2699 1460 2749 1501; x_wconf 93' lang='lat' dir='ltr'>c.</span> 
     </span>
     <span class='ocr_line' id='line_1_13' title="bbox 491 1539 2746 1620; baseline 0.003 -23"><span class='ocrx_word' id='word_1_104' title='bbox 491 1539 633 1598; x_wconf 88' lang='lat' dir='ltr'>Vol.</span> <span class='ocrx_word' id='word_1_105' title='bbox 674 1540 743 1599; x_wconf 87' lang='lat' dir='ltr'>ll.</span> <span class='ocrx_word' id='word_1_106' title='bbox 785 1541 849 1600; x_wconf 94' lang='lat' dir='ltr'>P.</span> <span class='ocrx_word' id='word_1_107' title='bbox 873 1541 916 1600; x_wconf 93' lang='lat'>1.</span> <span class='ocrx_word' id='word_1_108' title='bbox 982 1560 1043 1618; x_wconf 90' lang='lat' dir='ltr'>p.</span> <span class='ocrx_word' id='word_1_109' title='bbox 1078 1540 1221 1614; x_wconf 87' lang='lat'>295,</span> <span class='ocrx_word' id='word_1_110' title='bbox 1289 1540 1391 1601; x_wconf 79' lang='lat' dir='ltr'>»in</span> <span class='ocrx_word' id='word_1_111' title='bbox 1452 1539 1729 1615; x_wconf 88' lang='lat' dir='ltr'>cibariis,</span> <span class='ocrx_word' id='word_1_112' title='bbox 1792 1557 1953 1620; x_wconf 91' lang='lat' dir='ltr'>quae</span> <span class='ocrx_word' id='word_1_113' title='bbox 2009 1540 2295 1619; x_wconf 81' lang='lat' dir='ltr'>praebita</span> <span class='ocrx_word' id='word_1_114' title='bbox 2352 1539 2504 1614; x_wconf 91' lang='lat' dir='ltr'>sint,</span> <span class='ocrx_word' id='word_1_115' title='bbox 2565 1540 2746 1604; x_wconf 87' lang='lat' dir='ltr'>etiam</span> 
     </span>
     <span class='ocr_line' id='line_1_14' title="bbox 489 1638 2748 1724; baseline 0 -25"><span class='ocrx_word' id='word_1_116' title='bbox 489 1639 642 1699; x_wconf 91' lang='lat' dir='ltr'>illud</span> <span class='ocrx_word' id='word_1_117' title='bbox 685 1638 904 1712; x_wconf 84' lang='lat' dir='ltr'>fuisse,</span> <span class='ocrx_word' id='word_1_118' title='bbox 972 1639 1144 1721; x_wconf 89' lang='lat' dir='ltr'>quod</span> <span class='ocrx_word' id='word_1_119' title='bbox 1211 1639 1472 1724; x_wconf 79' lang='grc' dir='ltr'><strong><em>τρίμμα</em></strong></span> <span class='ocrx_word' id='word_1_120' title='bbox 1536 1638 1952 1719; x_wconf 79' lang='lat' dir='ltr'>appellavisse</span> <span class='ocrx_word' id='word_1_121' title='bbox 2013 1641 2285 1709; x_wconf 83' lang='lat' dir='ltr'>Graecos</span> <span class='ocrx_word' id='word_1_122' title='bbox 2343 1639 2572 1701; x_wconf 90' lang='lat' dir='ltr'>doceat</span> <span class='ocrx_word' id='word_1_123' title='bbox 2611 1641 2748 1700; x_wconf 88' lang='lat' dir='ltr'>He—</span> 
     </span>
     <span class='ocr_line' id='line_1_15' title="bbox 489 1733 2750 1822; baseline 0.003 -26"><span class='ocrx_word' id='word_1_124' title='bbox 489 1738 759 1817; x_wconf 82' lang='lat' dir='ltr'>sychius,</span> <span class='ocrx_word' id='word_1_125' title='bbox 805 1740 1121 1822; x_wconf 73' lang='grc' dir='ltr'><strong><em>Τρίμμαε</em></strong></span> <span class='ocrx_word' id='word_1_126' title='bbox 1183 1734 1260 1803; x_wconf 82' lang='grc' dir='ltr'>τὸ</span> <span class='ocrx_word' id='word_1_127' title='bbox 1302 1733 1719 1820; x_wconf 71' lang='grc' dir='ltr'><strong><em>α’ρωμιίτιζσν</em></strong></span> <span class='ocrx_word' id='word_1_128' title='bbox 1761 1740 1965 1820; x_wconf 75' lang='grc' dir='ltr'><strong><em>πῶμα</em></strong></span> <span class='ocrx_word' id='word_1_129' title='bbox 1989 1744 2063 1804; x_wconf 79' lang='grc' dir='ltr'>ἐν</span> <span class='ocrx_word' id='word_1_130' title='bbox 2107 1734 2353 1821; x_wconf 77' lang='grc' dir='ltr'><strong><em>γάμοις</em></strong></span> <span class='ocrx_word' id='word_1_131' title='bbox 2387 1734 2750 1821; x_wconf 80' lang='grc' dir='ltr'><strong><em>γινόμενον</em></strong></span> 
     </span>
     <span class='ocr_line' id='line_1_16' title="bbox 492 1831 2747 1919; baseline 0.002 -25"><span class='ocrx_word' id='word_1_132' title='bbox 492 1834 654 1917; x_wconf 84' lang='lat' dir='ltr'>(fort.</span> <span class='ocrx_word' id='word_1_133' title='bbox 692 1834 1095 1919; x_wconf 75' lang='grc' dir='ltr'><strong><em>πινόμενον)</em></strong></span> <span class='ocrx_word' id='word_1_134' title='bbox 1140 1845 1516 1918; x_wconf 74' lang='grc' dir='ltr'><strong><em>θεατρικοῖς</em></strong></span> <span class='ocrx_word' id='word_1_135' title='bbox 1553 1831 1861 1919; x_wconf 73' lang='grc' dir='ltr'><strong><em>ἀγῶσιν»,</em></strong></span> <span class='ocrx_word' id='word_1_136' title='bbox 1906 1837 2092 1900; x_wconf 88' lang='lat' dir='ltr'>etiam</span> <span class='ocrx_word' id='word_1_137' title='bbox 2130 1837 2195 1899; x_wconf 90' lang='lat' dir='ltr'>in</span> <span class='ocrx_word' id='word_1_138' title='bbox 2236 1838 2335 1900; x_wconf 89' lang='lat' dir='ltr'>his</span> <span class='ocrx_word' id='word_1_139' title='bbox 2377 1839 2583 1903; x_wconf 83' lang='lat' dir='ltr'>verbis</span> <span class='ocrx_word' id='word_1_140' title='bbox 2620 1856 2747 1899; x_wconf 88' lang='lat' dir='ltr'>non</span> 
     </span>
     <span class='ocr_line' id='line_1_17' title="bbox 490 1936 2746 2019; baseline -0 -21"><span class='ocrx_word' id='word_1_141' title='bbox 490 1937 675 1998; x_wconf 88' lang='lat' dir='ltr'>simul</span> <span class='ocrx_word' id='word_1_142' title='bbox 728 1936 1172 2019; x_wconf 86' lang='lat' dir='ltr'>intelligendae</span> <span class='ocrx_word' id='word_1_143' title='bbox 1228 1943 1371 1998; x_wconf 89' lang='lat' dir='ltr'>sunt</span> <span class='ocrx_word' id='word_1_144' title='bbox 1412 1937 1805 2016; x_wconf 84' lang='lat' dir='ltr'>tragoediae,</span> <span class='ocrx_word' id='word_1_145' title='bbox 1866 1937 2144 2017; x_wconf 87' lang='lat' dir='ltr'>quamvis</span> <span class='ocrx_word' id='word_1_146' title='bbox 2203 1947 2416 2000; x_wconf 78' lang='lat' dir='ltr'>rursus</span> <span class='ocrx_word' id='word_1_147' title='bbox 2460 1937 2746 1998; x_wconf 86' lang='lat' dir='ltr'>universe</span> 
     </span>
     <span class='ocr_line' id='line_1_18' title="bbox 490 2032 2746 2119; baseline 0.002 -23"><span class='ocrx_word' id='word_1_148' title='bbox 490 2037 884 2116; x_wconf 88' lang='lat' dir='ltr'>appellentur</span> <span class='ocrx_word' id='word_1_149' title='bbox 905 2032 1169 2118; x_wconf 68' lang='grc' dir='ltr'><strong><em>ἀγῶνες.</em></strong></span> <span class='ocrx_word' id='word_1_150' title='bbox 1213 2037 1602 2116; x_wconf 86' lang='lat' dir='ltr'>Quamquam</span> <span class='ocrx_word' id='word_1_151' title='bbox 1626 2039 1717 2097; x_wconf 92' lang='lat' dir='ltr'>illi</span> <span class='ocrx_word' id='word_1_152' title='bbox 1743 2039 1884 2113; x_wconf 91' lang='lat' dir='ltr'>loci,</span> <span class='ocrx_word' id='word_1_153' title='bbox 1914 2041 2084 2118; x_wconf 88' lang='lat' dir='ltr'>quod</span> <span class='ocrx_word' id='word_1_154' title='bbox 2113 2058 2232 2119; x_wconf 86' lang='lat' dir='ltr'>ego</span> <span class='ocrx_word' id='word_1_155' title='bbox 2259 2040 2506 2118; x_wconf 90' lang='lat' dir='ltr'>quidem</span> <span class='ocrx_word' id='word_1_156' title='bbox 2536 2039 2746 2113; x_wconf 83' lang='lat' dir='ltr'>sciam,</span> 
     </span>
     <span class='ocr_line' id='line_1_19' title="bbox 489 2130 2745 2216; baseline 0 -21"><span class='ocrx_word' id='word_1_157' title='bbox 489 2130 801 2212; x_wconf 60' lang='lat' dir='ltr'>soli&#39;sunt,</span> <span class='ocrx_word' id='word_1_158' title='bbox 846 2135 1069 2215; x_wconf 90' lang='lat' dir='ltr'>quibus</span> <span class='ocrx_word' id='word_1_159' title='bbox 1102 2136 1461 2214; x_wconf 80' lang='lat' dir='ltr'>tragoedias</span> <span class='ocrx_word' id='word_1_160' title='bbox 1496 2137 1716 2196; x_wconf 88' lang='lat' dir='ltr'>saltem</span> <span class='ocrx_word' id='word_1_161' title='bbox 1750 2137 1932 2196; x_wconf 87' lang='lat' dir='ltr'>simul</span> <span class='ocrx_word' id='word_1_162' title='bbox 1956 2138 2287 2216; x_wconf 77' lang='lat' dir='ltr'>significari</span> <span class='ocrx_word' id='word_1_163' title='bbox 2325 2139 2546 2215; x_wconf 87' lang='lat' dir='ltr'>aliquis</span> <span class='ocrx_word' id='word_1_164' title='bbox 2581 2158 2745 2197; x_wconf 91' lang='lat' dir='ltr'>con-</span> 
     </span>
     <span class='ocr_line' id='line_1_20' title="bbox 487 2234 2791 2315; baseline 0 -22"><span class='ocrx_word' id='word_1_165' title='bbox 487 2234 747 2293; x_wconf 90' lang='lat' dir='ltr'>tendere</span> <span class='ocrx_word' id='word_1_166' title='bbox 785 2236 1023 2313; x_wconf 81' lang='lat' dir='ltr'>possit3</span> <span class='ocrx_word' id='word_1_167' title='bbox 1088 2252 1202 2294; x_wconf 92' lang='lat' dir='ltr'>eae</span> <span class='ocrx_word' id='word_1_168' title='bbox 1269 2255 1395 2313; x_wconf 93' lang='lat' dir='ltr'>quo</span> <span class='ocrx_word' id='word_1_169' title='bbox 1434 2235 1642 2314; x_wconf 85' lang='lat' dir='ltr'>solae</span> <span class='ocrx_word' id='word_1_170' title='bbox 1709 2242 1771 2295; x_wconf 93' lang='lat' dir='ltr'>et</span> <span class='ocrx_word' id='word_1_171' title='bbox 1824 2235 1964 2315; x_wconf 91' lang='lat' dir='ltr'>ipso</span> <span class='ocrx_word' id='word_1_172' title='bbox 2024 2235 2274 2295; x_wconf 90' lang='lat' dir='ltr'>nomine</span> <span class='ocrx_word' id='word_1_173' title='bbox 2338 2234 2791 2313; x_wconf 52' lang='lat' dir='ltr'>appellentur,‘</span> 
     </span>
     <span class='ocr_line' id='line_1_21' title="bbox 488 2334 2744 2416; baseline 0.001 -23"><span class='ocrx_word' id='word_1_174' title='bbox 488 2340 689 2394; x_wconf 83' lang='lat' dir='ltr'>exstat</span> <span class='ocrx_word' id='word_1_175' title='bbox 751 2334 972 2396; x_wconf 87' lang='lat' dir='ltr'>nullus.</span> <span class='ocrx_word' id='word_1_176' title='bbox 1068 2336 1400 2415; x_wconf 80' lang='lat' dir='ltr'>Bergkius&#39;</span> <span class='ocrx_word' id='word_1_177' title='bbox 1434 2337 1682 2415; x_wconf 87' lang='lat' dir='ltr'>quidem</span> <span class='ocrx_word' id='word_1_178' title='bbox 1743 2343 2075 2416; x_wconf 84' lang='lat' dir='ltr'>postquam</span> <span class='ocrx_word' id='word_1_179' title='bbox 2145 2334 2744 2398; x_wconf 88' lang='lat' dir='ltr'>Commentationum</span> 
     </span>
     <span class='ocr_line' id='line_1_22' title="bbox 487 2433 2742 2514; baseline 0.001 -22"><span class='ocrx_word' id='word_1_180' title='bbox 487 2433 569 2493; x_wconf 93' lang='lat' dir='ltr'>de</span> <span class='ocrx_word' id='word_1_181' title='bbox 611 2434 789 2513; x_wconf 90' lang='lat' dir='ltr'>reliq.</span> <span class='ocrx_word' id='word_1_182' title='bbox 825 2434 1121 2497; x_wconf 84' lang='lat' dir='ltr'>comoed.</span> <span class='ocrx_word' id='word_1_183' title='bbox 1155 2435 1277 2495; x_wconf 88' lang='lat' dir='ltr'>Att.</span> <span class='ocrx_word' id='word_1_184' title='bbox 1319 2442 1442 2496; x_wconf 91' lang='lat' dir='ltr'>ant.</span> <span class='ocrx_word' id='word_1_185' title='bbox 1485 2454 1547 2514; x_wconf 91' lang='lat' dir='ltr'>p.</span> <span class='ocrx_word' id='word_1_186' title='bbox 1570 2436 1717 2512; x_wconf 88' lang='grc'><strong>302,</strong></span> <span class='ocrx_word' id='word_1_187' title='bbox 1760 2436 1937 2497; x_wconf 85' lang='lat' dir='ltr'>nixus</span> <span class='ocrx_word' id='word_1_188' title='bbox 1967 2435 2358 2514; x_wconf 86' lang='lat' dir='ltr'>ipsis-verbis</span> <span class='ocrx_word' id='word_1_189' title='bbox 2389 2435 2742 2507; x_wconf 78' lang='lat' dir='ltr'>Pherecra-</span> 
     </span>
     <span class='ocr_line' id='line_1_23' title="bbox 484 2530 2742 2616; baseline 0.003 -24"><span class='ocrx_word' id='word_1_190' title='bbox 484 2530 559 2592; x_wconf 88' lang='lat' dir='ltr'>tis</span> <span class='ocrx_word' id='word_1_191' title='bbox 601 2532 821 2596; x_wconf 85' lang='lat' dir='ltr'>itidem</span> <span class='ocrx_word' id='word_1_192' title='bbox 864 2533 944 2595; x_wconf 91' lang='lat' dir='ltr'>ab</span> <span class='ocrx_word' id='word_1_193' title='bbox 986 2532 1309 2598; x_wconf 85' lang='lat' dir='ltr'>Athenaeo</span> <span class='ocrx_word' id='word_1_194' title='bbox 1353 2536 1646 2615; x_wconf 76' lang='lat' dir='ltr'>servatiS,</span> <span class='ocrx_word' id='word_1_195' title='bbox 1715 2552 1878 2616; x_wconf 88' lang='lat' dir='ltr'>quae</span> <span class='ocrx_word' id='word_1_196' title='bbox 1916 2553 2112 2610; x_wconf 83' lang='lat' dir='ltr'>nunc,</span> <span class='ocrx_word' id='word_1_197' title='bbox 2165 2540 2233 2595; x_wconf 90' lang='lat' dir='ltr'>ut</span> <span class='ocrx_word' id='word_1_198' title='bbox 2275 2542 2559 2607; x_wconf 88' lang='lat' dir='ltr'>correcta</span> <span class='ocrx_word' id='word_1_199' title='bbox 2600 2544 2742 2598; x_wconf 88' lang='lat' dir='ltr'>sunt</span> 
     </span>
     <span class='ocr_line' id='line_1_24' title="bbox 486 2634 2743 2723; baseline 0.002 -31"><span class='ocrx_word' id='word_1_200' title='bbox 486 2634 566 2693; x_wconf 90' lang='lat' dir='ltr'>ab</span> <span class='ocrx_word' id='word_1_201' title='bbox 611 2637 987 2699; x_wconf 82' lang='lat' dir='ltr'>acutissimo·</span> <span class='ocrx_word' id='word_1_202' title='bbox 1013 2640 1376 2717; x_wconf 81' lang='lat' dir='ltr'>professore</span> <span class='ocrx_word' id='word_1_203' title='bbox 1417 2640 1864 2723; x_wconf 68' lang='lat' dir='ltr'>Marburgensi,</span> <span class='ocrx_word' id='word_1_204' title='bbox 1913 2635 2189 2702; x_wconf 87' lang='lat' dir='ltr'>exhibita</span> <span class='ocrx_word' id='word_1_205' title='bbox 2224 2638 2743 2718; x_wconf 78' lang='lat' dir='ltr'>exstant-Fragm.</span> 
     </span>
     <span class='ocr_line' id='line_1_25' title="bbox 485 2735 2736 2820; baseline -0.001 -20"><span class='ocrx_word' id='word_1_206' title='bbox 485 2759 646 2802; x_wconf 92' lang='lat' dir='ltr'>com.</span> <span class='ocrx_word' id='word_1_207' title='bbox 691 2740 912 2800; x_wconf 91' lang='lat' dir='ltr'>Graec.</span> <span class='ocrx_word' id='word_1_208' title='bbox 971 2757 1011 2799; x_wconf 93' lang='lat' dir='ltr'>a</span> <span class='ocrx_word' id='word_1_209' title='bbox 1051 2739 1365 2801; x_wconf 89' lang='lat' dir='ltr'>Meinekio</span> <span class='ocrx_word' id='word_1_210' title='bbox 1412 2741 1552 2801; x_wconf 92' lang='lat' dir='ltr'>coll.</span> <span class='ocrx_word' id='word_1_211' title='bbox 1599 2748 1662 2801; x_wconf 89' lang='lat' dir='ltr'>et</span> <span class='ocrx_word' id='word_1_212' title='bbox 1704 2741 1939 2820; x_wconf 80' lang='lat' dir='ltr'>dispoS.</span> <span class='ocrx_word' id='word_1_213' title='bbox 1998 2741 2142 2802; x_wconf 88' lang='lat' dir='ltr'>Vol.</span> <span class='ocrx_word' id='word_1_214' title='bbox 2174 2740 2245 2800; x_wconf 89' lang='lat'>11.</span> <span class='ocrx_word' id='word_1_215' title='bbox 2302 2741 2369 2800; x_wconf 91' lang='lat' dir='ltr'>P.</span> <span class='ocrx_word' id='word_1_216' title='bbox 2404 2739 2449 2798; x_wconf 91' lang='lat'>1.</span> <span class='ocrx_word' id='word_1_217' title='bbox 2504 2756 2565 2816; x_wconf 91' lang='lat' dir='ltr'>p.</span> <span class='ocrx_word' id='word_1_218' title='bbox 2591 2735 2736 2812; x_wconf 80' lang='lat'>294,</span> 
     </span>
     <span class='ocr_line' id='line_1_26' title="bbox 480 2838 2737 2921; baseline -0 -21"><span class='ocrx_word' id='word_1_219' title='bbox 480 2849 542 2901; x_wconf 93' lang='lat' dir='ltr'>et</span> <span class='ocrx_word' id='word_1_220' title='bbox 583 2840 729 2901; x_wconf 93' lang='lat' dir='ltr'>loco</span> <span class='ocrx_word' id='word_1_221' title='bbox 771 2841 1077 2901; x_wconf 88' lang='lat' dir='ltr'>Athenaei</span> <span class='ocrx_word' id='word_1_222' title='bbox 1120 2859 1311 2921; x_wconf 91' lang='lat' dir='ltr'>supra</span> <span class='ocrx_word' id='word_1_223' title='bbox 1355 2843 1686 2921; x_wconf 80' lang='lat' dir='ltr'>exscripto,</span> <span class='ocrx_word' id='word_1_224' title='bbox 1729 2841 1998 2912; x_wconf 90' lang='lat' dir='ltr'>monuit,</span> <span class='ocrx_word' id='word_1_225' title='bbox 2058 2858 2333 2901; x_wconf 80' lang='lat' dir='ltr'>»morem</span> <span class='ocrx_word' id='word_1_226' title='bbox 2371 2838 2570 2899; x_wconf 83' lang='lat' dir='ltr'>videri</span> <span class='ocrx_word' id='word_1_227' title='bbox 2612 2857 2737 2900; x_wconf 91' lang='lat' dir='ltr'>an-</span> 
     </span>
     <span class='ocr_line' id='line_1_27' title="bbox 477 2940 2736 3022; baseline 0.001 -23"><span class='ocrx_word' id='word_1_228' title='bbox 477 2940 729 3019; x_wconf 89' lang='lat' dir='ltr'>tiquitus</span> <span class='ocrx_word' id='word_1_229' title='bbox 770 2942 1027 3001; x_wconf 87' lang='lat' dir='ltr'>Athenis</span> <span class='ocrx_word' id='word_1_230' title='bbox 1069 2942 1295 3017; x_wconf 90' lang='lat' dir='ltr'>fnisse,</span> <span class='ocrx_word' id='word_1_231' title='bbox 1341 2949 1409 3002; x_wconf 93' lang='lat' dir='ltr'>ut</span> <span class='ocrx_word' id='word_1_232' title='bbox 1449 2942 1609 3003; x_wconf 89' lang='lat' dir='ltr'>inter</span> <span class='ocrx_word' id='word_1_233' title='bbox 1649 2943 1822 3022; x_wconf 89' lang='lat' dir='ltr'>ipsos</span> <span class='ocrx_word' id='word_1_234' title='bbox 1864 2940 2051 3002; x_wconf 87' lang='lat' dir='ltr'>ludos</span> <span class='ocrx_word' id='word_1_235' title='bbox 2095 2940 2397 3013; x_wconf 75' lang='lat' dir='ltr'>scenicOS,</span> <span class='ocrx_word' id='word_1_236' title='bbox 2441 2940 2736 3018; x_wconf 90' lang='lat' dir='ltr'>quoniam</span> 
     </span>
     <span class='ocr_line' id='line_1_28' title="bbox 477 3036 2736 3122; baseline 0.002 -26"><span class='ocrx_word' id='word_1_237' title='bbox 477 3038 545 3097; x_wconf 91' lang='lat' dir='ltr'>hi</span> <span class='ocrx_word' id='word_1_238' title='bbox 590 3056 732 3098; x_wconf 90' lang='lat' dir='ltr'>cum</span> <span class='ocrx_word' id='word_1_239' title='bbox 785 3040 1103 3100; x_wconf 88' lang='lat' dir='ltr'>Bacchicis</span> <span class='ocrx_word' id='word_1_240' title='bbox 1146 3042 1638 3103; x_wconf 88' lang='lat' dir='ltr'>solemnitatibus</span> <span class='ocrx_word' id='word_1_241' title='bbox 1683 3038 2166 3122; x_wconf 83' lang='lat' dir='ltr'>conjunctissimi</span> <span class='ocrx_word' id='word_1_242' title='bbox 2207 3036 2503 3114; x_wconf 85' lang='lat' dir='ltr'>fuissent,</span> <span class='ocrx_word' id='word_1_243' title='bbox 2543 3058 2736 3119; x_wconf 89' lang='lat' dir='ltr'>spec-</span> 
     </span>
     <span class='ocr_line' id='line_1_29' title="bbox 481 3138 2733 3217; baseline 0.003 -19"><span class='ocrx_word' id='word_1_244' title='bbox 481 3139 750 3199; x_wconf 85' lang='lat' dir='ltr'>tantibus</span> <span class='ocrx_word' id='word_1_245' title='bbox 792 3138 999 3199; x_wconf 86' lang='lat' dir='ltr'>vinum</span> <span class='ocrx_word' id='word_1_246' title='bbox 1041 3138 1510 3217; x_wconf 80' lang='lat' dir='ltr'>praeberetur»,</span> <span class='ocrx_word' id='word_1_247' title='bbox 1566 3139 1657 3200; x_wconf 90' lang='lat' dir='ltr'>sic</span> <span class='ocrx_word' id='word_1_248' title='bbox 1695 3139 1926 3217; x_wconf 86' lang='lat' dir='ltr'>pergit:</span> <span class='ocrx_word' id='word_1_249' title='bbox 1989 3139 2108 3200; x_wconf 89' lang='lat' dir='ltr'>»ad</span> <span class='ocrx_word' id='word_1_250' title='bbox 2173 3138 2438 3200; x_wconf 87' lang='lat' dir='ltr'>eundem</span> <span class='ocrx_word' id='word_1_251' title='bbox 2491 3159 2733 3206; x_wconf 81' lang='lat' dir='ltr'>morem</span> 
     </span>
     <span class='ocr_line' id='line_1_30' title="bbox 477 3238 2733 3320; baseline -0.001 -20"><span class='ocrx_word' id='word_1_252' title='bbox 477 3240 870 3302; x_wconf 85' lang='lat' dir='ltr'>referendum</span> <span class='ocrx_word' id='word_1_253' title='bbox 937 3248 1128 3320; x_wconf 92' lang='lat' dir='ltr'>puto,</span> <span class='ocrx_word' id='word_1_254' title='bbox 1191 3241 1364 3319; x_wconf 90' lang='lat' dir='ltr'>quod</span> <span class='ocrx_word' id='word_1_255' title='bbox 1415 3241 1495 3301; x_wconf 91' lang='lat' dir='ltr'>de</span> <span class='ocrx_word' id='word_1_256' title='bbox 1548 3240 1707 3301; x_wconf 89' lang='lat' dir='ltr'>Ione</span> <span class='ocrx_word' id='word_1_257' title='bbox 1766 3238 2002 3317; x_wconf 88' lang='lat' dir='ltr'>tragico</span> <span class='ocrx_word' id='word_1_258' title='bbox 2045 3243 2238 3315; x_wconf 87' lang='lat' dir='ltr'>poeta</span> <span class='ocrx_word' id='word_1_259' title='bbox 2277 3246 2490 3298; x_wconf 87' lang='lat' dir='ltr'>narrat</span> <span class='ocrx_word' id='word_1_260' title='bbox 2528 3239 2733 3299; x_wconf 89' lang='lat' dir='ltr'>Athe-</span> 
     </span>
     <span class='ocr_line' id='line_1_31' title="bbox 480 3328 2733 3420; baseline 0 -22"><span class='ocrx_word' id='word_1_261' title='bbox 480 3358 673 3400; x_wconf 89' lang='lat' dir='ltr'>naeus</span> <span class='ocrx_word' id='word_1_262' title='bbox 716 3341 761 3399; x_wconf 90' lang='grc' dir='ltr'>Ι.</span> <span class='ocrx_word' id='word_1_263' title='bbox 803 3362 865 3420; x_wconf 90' lang='lat' dir='ltr'>p.</span> <span class='ocrx_word' id='word_1_264' title='bbox 901 3344 939 3401; x_wconf 87' lang='grc'>4</span> <span class='ocrx_word' id='word_1_265' title='bbox 983 3343 1070 3401; x_wconf 82' lang='lat' dir='ltr'>A:</span> <span class='ocrx_word' id='word_1_266' title='bbox 1132 3337 1223 3405; x_wconf 89' lang='lat'>‘0</span> <span class='ocrx_word' id='word_1_267' title='bbox 1265 3341 1334 3406; x_wconf 79' lang='grc' dir='ltr'>δὲ</span> <span class='ocrx_word' id='word_1_268' title='bbox 1369 3337 1529 3404; x_wconf 81' lang='grc' dir='ltr'>Ἴων</span> <span class='ocrx_word' id='word_1_269' title='bbox 1581 3341 1752 3410; x_wconf 78' lang='grc' dir='ltr'><strong><em>Χῖος</em></strong></span> <span class='ocrx_word' id='word_1_270' title='bbox 1792 3336 2162 3420; x_wconf 72' lang='grc' dir='ltr'><strong><em>τραγῳδίαν</em></strong></span> <span class='ocrx_word' id='word_1_271' title='bbox 2199 3333 2471 3420; x_wconf 75' lang='grc' dir='ltr'><strong><em>νικήσας</em></strong></span> <span class='ocrx_word' id='word_1_272' title='bbox 2500 3328 2733 3416; x_wconf 79' lang='grc' dir='ltr'><em>-Ἀθὴ-</em></span> 
     </span>
     <span class='ocr_line' id='line_1_32' title="bbox 477 3429 2734 3522; baseline -0.005 -17"><span class='ocrx_word' id='word_1_273' title='bbox 477 3464 675 3522; x_wconf 64' lang='grc' dir='ltr'><strong><em>φησιν</em></strong></span> <span class='ocrx_word' id='word_1_274' title='bbox 745 3438 993 3521; x_wconf 78' lang='grc' dir='ltr'><em>ἑκάστῳ</em></span> <span class='ocrx_word' id='word_1_275' title='bbox 1058 3443 1190 3505; x_wconf 77' lang='grc' dir='ltr'>τῶν</span> <span class='ocrx_word' id='word_1_276' title='bbox 1253 3433 1644 3519; x_wconf 78' lang='grc' dir='ltr'>Ἀθηναίων</span> <span class='ocrx_word' id='word_1_277' title='bbox 1706 3436 1899 3501; x_wconf 77' lang='grc' dir='ltr'><em>ἔδωκε</em></span> <span class='ocrx_word' id='word_1_278' title='bbox 1972 3437 2152 3519; x_wconf 81' lang='grc' dir='ltr'><strong><em>Χῖον</em></strong></span> <span class='ocrx_word' id='word_1_279' title='bbox 2228 3429 2590 3513; x_wconf 74' lang='grc' dir='ltr'><strong><em>κεράμιον,</em></strong></span> <span class='ocrx_word' id='word_1_280' title='bbox 2672 3441 2734 3494; x_wconf 89' lang='lat' dir='ltr'>et</span> 
     </span>
     <span class='ocr_line' id='line_1_33' title="bbox 478 3527 2730 3620; baseline -0.003 -20"><span class='ocrx_word' id='word_1_281' title='bbox 478 3539 831 3601; x_wconf 88' lang='lat' dir='ltr'>Scholiasta</span> <span class='ocrx_word' id='word_1_282' title='bbox 873 3539 1309 3620; x_wconf 89' lang='lat' dir='ltr'>Aristophanis</span> <span class='ocrx_word' id='word_1_283' title='bbox 1367 3541 1510 3600; x_wconf 92' lang='lat' dir='ltr'>Pac.</span> <span class='ocrx_word' id='word_1_284' title='bbox 1570 3558 1627 3599; x_wconf 81' lang='lat' dir='ltr'>v.</span> <span class='ocrx_word' id='word_1_285' title='bbox 1660 3538 1815 3599; x_wconf 79' lang='lat'>835:</span> <span class='ocrx_word' id='word_1_286' title='bbox 1883 3537 2036 3618; x_wconf 77' lang='grc' dir='ltr'><strong><em>φασὶ</em></strong></span> <span class='ocrx_word' id='word_1_287' title='bbox 2084 3535 2154 3602; x_wconf 80' lang='grc' dir='ltr'>δὲ</span> <span class='ocrx_word' id='word_1_288' title='bbox 2215 3527 2443 3601; x_wconf 73' lang='grc' dir='ltr'><strong><em>αὐτόν,</em></strong></span> <span class='ocrx_word' id='word_1_289' title='bbox 2480 3532 2730 3617; x_wconf 67' lang='lat' dir='ltr'>(lenem)</span> 
     </span>
     <span class='ocr_line' id='line_1_34' title="bbox 476 3629 2733 3724; baseline -0.001 -23"><span class='ocrx_word' id='word_1_290' title='bbox 476 3634 655 3721; x_wconf 77' lang='grc' dir='ltr'>ὁμοῦ</span> <span class='ocrx_word' id='word_1_291' title='bbox 722 3635 1164 3723; x_wconf 73' lang='grc' dir='ltr'><strong><em>διθύραμβον</em></strong></span> <span class='ocrx_word' id='word_1_292' title='bbox 1236 3643 1338 3706; x_wconf 81' lang='grc' dir='ltr'>καὶ</span> <span class='ocrx_word' id='word_1_293' title='bbox 1405 3639 1771 3724; x_wconf 76' lang='grc' dir='ltr'><strong><em>τραγῳδίαν</em></strong></span> <span class='ocrx_word' id='word_1_294' title='bbox 1834 3635 2338 3721; x_wconf 72' lang='grc' dir='ltr'><strong><em>ἀγωνισάμενον</em></strong></span> <span class='ocrx_word' id='word_1_295' title='bbox 2399 3629 2733 3717; x_wconf 71' lang='grc' dir='ltr'>Ἀθήνησι</span> 
     </span>
     <span class='ocr_line' id='line_1_35' title="bbox 402 3732 2732 3825; baseline -0.001 -23"><span class='ocrx_word' id='word_1_296' title='bbox 402 3813 406 3817; x_wconf 9' lang='grc' dir='ltr'><strong>ἡ</strong></span> <span class='ocrx_word' id='word_1_297' title='bbox 475 3740 582 3803; x_wconf 79' lang='grc' dir='ltr'>καὶ</span> <span class='ocrx_word' id='word_1_298' title='bbox 626 3736 988 3820; x_wconf 74' lang='grc' dir='ltr'><strong><em>νικήσαντα</em></strong></span> <span class='ocrx_word' id='word_1_299' title='bbox 1054 3736 1300 3825; x_wconf 69' lang='grc' dir='ltr'><strong><em>ἑκάστῳ</em></strong></span> <span class='ocrx_word' id='word_1_300' title='bbox 1369 3742 1501 3802; x_wconf 79' lang='grc' dir='ltr'>τῶν</span> <span class='ocrx_word' id='word_1_301' title='bbox 1563 3732 1950 3825; x_wconf 73' lang='grc' dir='ltr'>Ἀθηναίων</span> <span class='ocrx_word' id='word_1_302' title='bbox 2006 3740 2247 3807; x_wconf 77' lang='grc' dir='ltr'><strong><em>δοῦναι</em></strong></span> <span class='ocrx_word' id='word_1_303' title='bbox 2309 3736 2485 3800; x_wconf 84' lang='grc' dir='ltr'><strong><em>Χῖον</em></strong></span> <span class='ocrx_word' id='word_1_304' title='bbox 2538 3734 2732 3818; x_wconf 74' lang='grc' dir='ltr'><strong><em>κερά-</em></strong></span> 
     </span>
     <span class='ocr_line' id='line_1_36' title="bbox 472 3836 2731 3926; baseline 0 -24"><span class='ocrx_word' id='word_1_305' title='bbox 472 3866 637 3918; x_wconf 77' lang='grc' dir='ltr'><strong><em>μιον</em></strong></span> <span class='ocrx_word' id='word_1_306' title='bbox 684 3840 803 3924; x_wconf 89' lang='lat' dir='ltr'>(vel</span> <span class='ocrx_word' id='word_1_307' title='bbox 848 3848 917 3902; x_wconf 90' lang='lat' dir='ltr'>ut</span> <span class='ocrx_word' id='word_1_308' title='bbox 961 3850 1056 3902; x_wconf 90' lang='lat' dir='ltr'>est</span> <span class='ocrx_word' id='word_1_309' title='bbox 1095 3843 1160 3901; x_wconf 90' lang='lat' dir='ltr'>in</span> <span class='ocrx_word' id='word_1_310' title='bbox 1204 3845 1345 3903; x_wconf 89' lang='lat' dir='ltr'>cod.</span> <span class='ocrx_word' id='word_1_311' title='bbox 1371 3845 1659 3904; x_wconf 90' lang='lat' dir='ltr'>Veneto.</span> <span class='ocrx_word' id='word_1_312' title='bbox 1727 3837 1990 3912; x_wconf 71' lang='grc' dir='ltr'><strong><em>εὐνοίας</em></strong></span> <span class='ocrx_word' id='word_1_313' title='bbox 2031 3838 2228 3926; x_wconf 76' lang='grc' dir='ltr'><strong><em>χάριν</em></strong></span> <span class='ocrx_word' id='word_1_314' title='bbox 2269 3849 2506 3918; x_wconf 79' lang='grc' dir='ltr'><strong><em>προῖκα</em></strong></span> <span class='ocrx_word' id='word_1_315' title='bbox 2558 3836 2731 3921; x_wconf 84' lang='grc' dir='ltr'><strong><em>Χῖον</em></strong></span> 
     </span>
     <span class='ocr_line' id='line_1_37' title="bbox 471 3935 2727 4024; baseline -0.003 -19"><span class='ocrx_word' id='word_1_316' title='bbox 471 3941 661 4006; x_wconf 82' lang='grc' dir='ltr'><strong><em>οἶνον</em></strong></span> <span class='ocrx_word' id='word_1_317' title='bbox 702 3944 969 4024; x_wconf 72' lang='grc' dir='ltr'><strong><em>πέμψαι</em></strong></span> <span class='ocrx_word' id='word_1_318' title='bbox 1025 3938 1470 4023; x_wconf 80' lang='grc' dir='ltr'>Ἀθηναίοις),</span> <span class='ocrx_word' id='word_1_319' title='bbox 1510 3942 1678 4002; x_wconf 89' lang='lat' dir='ltr'>unde</span> <span class='ocrx_word' id='word_1_320' title='bbox 1736 3948 1998 4021; x_wconf 89' lang='lat' dir='ltr'>apparet</span> <span class='ocrx_word' id='word_1_321' title='bbox 2053 3940 2242 4002; x_wconf 87' lang='lat' dir='ltr'>etiam</span> <span class='ocrx_word' id='word_1_322' title='bbox 2282 3936 2556 4016; x_wconf 82' lang='lat' dir='ltr'>privatos</span> <span class='ocrx_word' id='word_1_323' title='bbox 2596 3935 2727 3999; x_wconf 89' lang='lat' dir='ltr'>ho-</span> 
     </span>
     <span class='ocr_line' id='line_1_38' title="bbox 472 4035 2727 4120; baseline -0.002 -18"><span class='ocrx_word' id='word_1_324' title='bbox 472 4045 707 4118; x_wconf 92' lang='lat' dir='ltr'>mines,</span> <span class='ocrx_word' id='word_1_325' title='bbox 752 4045 859 4104; x_wconf 90' lang='lat' dir='ltr'>ubi</span> <span class='ocrx_word' id='word_1_326' title='bbox 910 4045 973 4103; x_wconf 90' lang='lat' dir='ltr'>in</span> <span class='ocrx_word' id='word_1_327' title='bbox 1033 4045 1132 4103; x_wconf 89' lang='lat' dir='ltr'>his</span> <span class='ocrx_word' id='word_1_328' title='bbox 1201 4043 1362 4103; x_wconf 90' lang='lat' dir='ltr'>ludis</span> <span class='ocrx_word' id='word_1_329' title='bbox 1423 4044 1681 4104; x_wconf 82' lang='lat' dir='ltr'>scenicis</span> <span class='ocrx_word' id='word_1_330' title='bbox 1724 4043 2051 4114; x_wconf 89' lang='lat' dir='ltr'>vicissent,</span> <span class='ocrx_word' id='word_1_331' title='bbox 2112 4037 2351 4120; x_wconf 90' lang='lat' dir='ltr'>populo</span> <span class='ocrx_word' id='word_1_332' title='bbox 2419 4035 2727 4119; x_wconf 87' lang='lat' dir='ltr'>ejusmodi</span> 
     </span>
     <span class='ocr_line' id='line_1_39' title="bbox 471 4133 2727 4227; baseline -0.003 -27"><span class='ocrx_word' id='word_1_333' title='bbox 471 4163 724 4203; x_wconf 89' lang='lat' dir='ltr'>munera</span> <span class='ocrx_word' id='word_1_334' title='bbox 766 4145 1025 4227; x_wconf 87' lang='lat' dir='ltr'>largitos</span> <span class='ocrx_word' id='word_1_335' title='bbox 1089 4162 1254 4217; x_wconf 82' lang='lat' dir='ltr'>esse3</span> <span class='ocrx_word' id='word_1_336' title='bbox 1321 4144 1439 4204; x_wconf 88' lang='lat' dir='ltr'>nisi</span> <span class='ocrx_word' id='word_1_337' title='bbox 1495 4144 1659 4203; x_wconf 82' lang='lat' dir='ltr'>forte</span> <span class='ocrx_word' id='word_1_338' title='bbox 1704 4145 1848 4218; x_wconf 89' lang='lat' dir='ltr'>lon,</span> <span class='ocrx_word' id='word_1_339' title='bbox 1914 4143 2062 4202; x_wconf 89' lang='lat' dir='ltr'>dum</span> <span class='ocrx_word' id='word_1_340' title='bbox 2095 4137 2319 4218; x_wconf 69' lang='lat' dir='ltr'>⁸ipsius</span> <span class='ocrx_word' id='word_1_341' title='bbox 2362 4133 2727 4215; x_wconf 87' lang='lat' dir='ltr'>tragoediae</span> 
     </span>
     <span class='ocr_line' id='line_1_40' title="bbox 470 4238 2727 4325; baseline -0.002 -22"><span class='ocrx_word' id='word_1_342' title='bbox 470 4243 531 4303; x_wconf 92' lang='lat' dir='ltr'>in</span> <span class='ocrx_word' id='word_1_343' title='bbox 577 4261 763 4303; x_wconf 92' lang='lat' dir='ltr'>scena</span> <span class='ocrx_word' id='word_1_344' title='bbox 805 4250 1153 4325; x_wconf 83' lang='lat' dir='ltr'>agerentur,</span> <span class='ocrx_word' id='word_1_345' title='bbox 1197 4244 1669 4324; x_wconf 77' lang='lat' dir='ltr'>spectatoribuS,</span> <span class='ocrx_word' id='word_1_346' title='bbox 1713 4252 1783 4306; x_wconf 87' lang='lat' dir='ltr'>ut</span> <span class='ocrx_word' id='word_1_347' title='bbox 1826 4262 2046 4306; x_wconf 90' lang='lat' dir='ltr'>eorum</span> <span class='ocrx_word' id='word_1_348' title='bbox 2090 4238 2349 4318; x_wconf 82' lang='lat' dir='ltr'>gratiam</span> <span class='ocrx_word' id='word_1_349' title='bbox 2401 4238 2519 4300; x_wconf 88' lang='lat' dir='ltr'>sibi</span> <span class='ocrx_word' id='word_1_350' title='bbox 2564 4256 2727 4300; x_wconf 87' lang='lat' dir='ltr'>con·-</span> 
     </span>
    </p>
   </div>
  </div>
 </body>
</html>
