3022 4934
1221 297 1309 344 ‘—
1398 295 1648 357 79-

308 471 655 550 est‘tfapud
690 477 848 548 quos
884 464 1156 525 feminae
1193 461 1479 542 profecto
1510 461 1649 523 viris
1684 461 2122 524 imbecilliores
2156 463 2325 531 sunt,
2362 473 2550 536 quum

304 573 367 634 in
411 570 766 636 volucribus
811 562 1123 626 nonnullis
1169 563 1331 624 adeo
1385 561 1731 623 habeantur
1789 561 2145 622 fortiores».
2231 555 2382 631 Sed,
2444 554 2550 616 al—

305 674 586 735 cedinem
642 666 961 729 feminam.
991 684 1165 740 esse,
1229 664 1359 744 jam
1421 662 1788 725 Suevernius
1833 661 2068 721 monuit
2127 657 2167 717 l.
2212 676 2263 716 c.
2307 677 2368 735 p.
2405 655 2546 717 102.

309 777 449 835 adn.
501 772 556 830 1.
664 763 1144 853 Κεβλήπυρις,
1222 785 1352 825 uon
1422 765 1803 837 dubitamus,
1884 763 2032 840 quin
2108 780 2147 820 a
2207 756 2550 820 scholiasta

303 868 610 931 masculus
667 875 731 927 et
786 869 870 929 sit
892 866 1169 942 <habitus
1213 872 1277 925 et
1309 866 1452 946 jure
1491 866 1712 928 haberi
1752 862 2040 942 potuerit.
2123 861 2260 920 Hoc
2302 874 2550 930 nomen,

304 969 476 1048 quod
498 1006 503 1016 ÷
529 964 1014 1048 iam-veteribus
1054 964 1491 1042 interpretibus
1542 962 1859 1024 molestias
1902 958 2305 1031 creavit,..ex
2345 958 2550 1019 verbis

303 1064 724 1151 κεβλὴὼὶὲἒθ.
779 1057 1028 1144 κςφαλή
1071 1070 1135 1122 et
1175 1066 1328 1141 πύρ-
1370 1062 1804 1139 compositum-
1840 1079 2010 1130 esse,
2073 1063 2352 1134 apparet.
2376 1098 2383 1117 -.
2433 1055 2554 1112 Diu

306 1173 428 1241 est,
467 1184 739 1244 „ex-quo
797 1161 1117 1227 societatis
1141 1160 1613 1241 philologicae-
1652 1159 1969 1218 sodalibus
2013 1153 2386 1235 significavi,
2442 1172 2553 1219 se-

287 1266 573 1325 'eandm
614 1263 791 1324 illud
814 1263 1025 1326 verba
1045 1259 1305 1333 Comici,
1365 1277 1525 1338 quae
1577 1264 1719 1318 sunt
1759 1257 2025 1317 Acharn.
2070 1255 2225 1329 318,
2281 1255 2368 1317 ita
2412 1271 2551 1313 esse

305 1362 704 1443 corrigenda-z
789 1403 795 1407 «
886 1398 891 1403 -
1649 1394 1652 1396 -
2175 1393 2177 1395 >

456 1455 644 1543 υπὲρ
684 1456 1000 1541 ἐπιξήνου
1035 1455 1304 1537 θελήσω
1328 1451 1453 1536 τὴν
1497 1411 1809 1538 κᾷβλὴν
1850 1461 2012 1538 ἔχων
2060 1456 2295 1533 λέγειν,

304 1578 492 1638 qnam
523 1559 725 1636 ipsam
738 1555 1259 1638 emendationem,
1302 1551 1633 1631 insigniter
1650 1552 1925 1632 laetatus
1953 1567 2108 1625 sum,
2147 1551 2335 1628 quum
2371 1552 2556 1613 etiam

305 1660 386 1721 ab
427 1657 734 1739 Ahrensio
792 1658 1009 1717 nostro
1055 1653 1282 1713 factam
1345 1670 1482 1712 esse
1527 1671 1607 1712 ex
1670 1671 1747 1713 eo
1792 1652 1992 1714 Musei·
2032 1652 2317 1713 Rhenaui
2359 1650 2556 1713 fasci-

310 1763 485 1836 culo,
559 1759 701 1838 qui
721 1756 1073 1836 nuperrime
1133 1755 1197 1813 in
1262 1753 1583 1833 publicum
1645 1760 1743 1815 est
1804 1752 2031 1826 editus,
2084 1752 2378 1832 cognovi,
2447 1752 2557 1811 cfr.

309 1881 370 1940 p.
401 1862 524 1939 4465
560 1881 653 1939 sq.
687 1860 920 1930 *flAddo
965 1858 1284 1935 equidem,
1342 1856 1505 1935 hanc
1547 1854 1968 1932 suspicionem
2025 1871 2103 1911 eo
2148 1870 2287 1912 esse
2320 1851 2558 1911 *verisi-

312 1960 620 2022 miliorem
640 1996 662 2032 ,-
715 1952 1357 2036 ᾳιιοᾱψιιεβλήπυριν
1409 1953 1709 2014 Atticam
1756 1969 1917 2012 esse.
1951 1969 2130 2012 avem
2197 1966 2386 2028 supra
2440 1950 2562 2009 de-

313 2055 803 2119 monstravimus.
905 2053 1089 2132 Atqui
1147 2052 1340 2112 mihi
1370 2052 1617 2131 quidem
1637 2097 1655 2127 ,
1718 2060 1830 2113 cur
1889 2051 2148 2112 chorum
2216 2071 2316 2113 ex>
2346 2051 2559 2113 avibus

312 2156 604 2218 masculis
682 2162 744 2213 et
795 2153 1039 2212 feminis
1101 2157 1486 2213 constantem
1516 2191 1533 2211 «.
1560 2153 1779 2213 fecerit
1806 2208 1810 2211 Α
1836 2159 2056 2233 poeta,
2131 2151 2335 2212 nullus
2399 2152 2556 2211 alius

306 2257 455 2319 finis.
488 2258 731 2320 videtur
777 2253 1119 2333 excogitari
1149 2267 1352 2332 ,posse
1372 2298 1387 2328 ,
1432 2253 1558 2313 nisi·
1590 2254 1713 2331 hic,
1756 2260 1824 2315 ut
1863 2255 2276 2337 hymenaeum
2321 2275 2559 2321 canen-—

306 2363 420 2432 tes,
465 2354 862 2434 -1-.».id.quod
901 2371 1114 2419 versus
1156 2351 1347 2416 finem
1389 2351 1642 2416 fabulae
1666 2352 1879 2427 *locum
1912 2353 2152 2419 habere
2185 2361 2448 2433 constat,
2476 2397 2559 2410 -

309 2464 435 2520 tam
467 2496 470 2499 <
499 2454 807 2518 masculas
838 2509 844 2515 .
875 2454 1116 2515 habere
1185 2472 1372 2533 quam
1435 2453 1696 2516 feminas
1724 2480 1748 2490 ··
1768 2454 2052 2516 voluerit.
2152 2457 2328 2518 ⁴Haec
2366 2489 2370 2492 ·
2406 2478 2556 2521 vero

311 2576 533 2621 caussa
620 2575 765 2615 num
829 2555 950 2633 ipsi
1014 2555 1246 2618 idonea
1313 2556 1446 2616 visa
1510 2557 1727 2631 fuerit,
1779 2558 2128 2617 admodum
2188 2558 2559 2633 dubitamus⁸

309 2659 523 2734 Neque
566 2662 692 2729 est,
739 2660 1035 2732 quantum
1077 2673 1196 2733 ego
1242 2655 1496 2733 quidem
1525 2657 1759 2730 ¹⁵video,
1802 2657 2000 2718 ullum
2037 2656 2354 2732 indicium,
2397 2660 2564 2721 unde

307 2764 560 2838 praeter
603 2754 952 2816 alcedinem
1011 2755 1274 2817 feminas
1339 2757 1523 2820 simul
1606 2779 1744 2821 cum
1806 2758 2097 2820 masculis
2159 2776 2308 2819 aves
2370 2758 2564 2820 fuisse

311 2866 483 2922 certo
530 2856 829 2937 colligas;
865 2857 1055 2918 immo
1104 2863 1185 2918 utv
1213 2857 1587 2934 credamus,
1619 2878 1749 2918 non
1791 2861 1986 2919 fuisse
2026 2860 2144 2948 ita,
2191 2860 2387 2933 ordo,
2430 2877 2558 2937 quo

309 2957 734 3035 sesszexcipiunt
771 2956 935 3018 inter
994 2955 1495 3035 ingrediendum,
1563 2956 1831 3018 suadere
1896 2957 2155 3019 videtur.
2230 2956 2562 3020 &Monebat

308 3056 682 3117 Theodorus
705 3054 1101 3134 2Hansingius
1120 3102 1138 3128 ,
1196 3054 1655 3135 Harburgensis
1674 3102 1691 3129 ,
1751 3056 2100 3117 societatis
2134 3056 2562 3138 philologicae

306 3154 582 3228 sodalis,
626 3173 752 3214 una
794 3161 1081 3233 excepta.-
1114 3154 1397 3228 aleedine
1424 3206 1427 3208 .
1457 3175 1700 3218 omnes.
1736 3175 1884 3230 aves
1926 3159 2013 3218 ad
2057 3159 2316 3219 chorum
2357 3162 2561 3238 perti-

307 3257 786 3333 nenteS,·-·licet·
808 3258 1148 3319 nonnullae
1206 3260 1419 3338 quoad
1472 3259 1934 3340 grammaticam
1995 3260 2238 3340 generis
2283 3256 2562 3320 feminini

308 3365 789 3434 essenus-mares
834 3379 972 3420 esse
1015 3362 1313 3439 potuisse.
1355 3402 1361 3409 v·
1399 3363 1606 3435 Recte,
1651 3362 1703 3421 si
1743 3363 1903 3441 quid
1939 3363 2146 3440 video,
2187 3359 2562 3443 quamquam

310 3481 368 3520 v.
395 3480 448 3521 c.
491 3460 693 3540 probe
736 3457 903 3533 scio,
948 3459 1294 3521 accuratius
1323 3459 1726 3538 loquentibus
1764 3478 2007 3525 marem
2053 3485 2101 3524 π
2125 3456 2560 3544 εριστερὸν

309 3557 541 3621 dictum
564 3580 739 3621 esse.
765 3579 795 3611 a
822 3560 986 3621 Fieri
1028 3555 1216 3642 igitur
1254 3569 1494 3642 potest,
1550 3570 1618 3623 ut
1661 3582 1739 3623 ex
1779 3563 2033 3641 reliquis
2078 3563 2330 3637 avibuS,
2398 3560 2562 3643 quae

309 3660 498 3741 vulgo
540 3663 808 3723 feminae
838 3663 1179 3740 habentur,
1221 3664 1325 3727 vel
1366 3685 1491 3726 una
1532 3666 1643 3727 vela·
1677 3666 1889 3745 plures
1942 3666 2258 3726 masculae
2299 3663 2559 3737 fuerim

312 3761 459 3840 quin
504 3761 1349 3826 omnes-masculassshabere
1390 3765 1622 3840 licebit,
1665 3767 1718 3828 si
1759 3765 2191 3846 probabiliter-
2215 3764 2396 3824 fuerit
2437 3763 2561 3823 de-

312 3871 722 3925 monstratum
739 3884 766 3937 ,²1
814 3862 1187 3941 singularem
1253 3883 1539 3926 caussam
1580 3864 1794 3943 fuisse,
1840 3887 1951 3929 cur
1993 3865 2213 3926 alcedo
2272 3880 2312 3920 a
2367 3869 2560 3939 poeta

309 3961 724 4026 induceretur.
759 4005 779 4014 2
806 3966 885 4023 Et
910 3962 1031 4024 fuit.
1065 3963 1370 4043 profecto.
1456 3967 1704 4048 Quippe
1748 3961 2027 4050 κηρύλος
2065 3962 2364 4023 alcedinis
2398 3978 2561 4019 con-

311 4063 778 4128 suetudinevel
821 4069 1194 4126 momentum
1239 4064 1537 4146 temporis
1582 4085 1792 4128 carere
1846 4084 1971 4126 non
2013 4083 2203 4144 posse
2246 4060 2563 4124 credeba-

313 4170 429 4225 tur.
516 4166 713 4227 Notus
765 4175 861 4229 est
904 4174 963 4228 et
1005 4166 1106 4228 vel
1145 4164 1374 4227 fabulis
1419 4167 1770 4229 celebratus
1814 4166 2061 4228 intimus
2102 4165 2324 4225 harum
2354 4164 2564 4229 avium

315 4277 471 4339 erga<
504 4284 599 4326 se.
640 4283 820 4328 amor
864 4275 927 4330 et
969 4265 1499 4330 consociatissima
1555 4266 1864 4329 voluntas.
1971 4270 2093 4327 Eas
2151 4272 2390 4328 tantum
2435 4286 2563 4326 non
