3022 4934
1077 291 1543 354 -131-

128 495 131 497 -
189 450 386 538 uerit,¹
419 464 608 527 'iuter
652 458 1098 553 omnes³ldeos3
1129 457 1859 545 ³si.'Jovem22exceperis,
1928 463 2081 526 nulli
2123 463 2436 527 civitatum

184 553 440 651 tutelam
479 563 582 626 vel
621 561 829 624 rerum
865 554 1254 652 publicai-um
1295 559 1890 628 administrationem
1911 566 2261 645 :tantopere
2294 582 2436 626 esse

178 655 361 725 'cordi
378 663 410 740 ²,
438 661 625 745 quain
642 679 645 683 ·
662 664 1013 739 Minervae,
1029 648 1284 745 ‘iff‘iiua
1302 680 1312 700 ··
1327 658 1597 729 eximiae
1611 681 1614 684 ⁴
1629 661 1951 748 potentiae.
1980 685 2126 729 ‘cum
2169 666 2432 747 sapien-

184 764 270 824 tia
313 782 388 826 ac
428 765 759 847 prudentia
814 772 1147 829 concentus
1191 765 1662 849 agnoscebatur.
1750 766 1943 829 Simul
1983 767 2094 830 ina
2115 768 2325 831 ¹verba
2365 768 2432 828 in

181 868 545 930 memoriam
600 876 900 931 revocant
960 868 1123 931 haec
1180 866 1464 931 Aristidis
1530 868 1610 930 de
1673 866 1950 930 Minerva
2014 865 2180 930 dicta
2239 887 2304 949 p.
2346 868 2425 931 31

183 968 427 1049 Steph.:
492 969 616 1034 τοῦ
668 963 825 1043 Διὸς
890 973 1048 1054 ἔργα
1098 964 1289 1036 κοινοὶ
1353 968 1477 1035 τοῦ
1537 963 1693 1042 Διὸς
1758 967 1870 1034 καὶ
1932 967 2050 1052 τῆς
2102 959 2428 1051 Ἀθηνᾶς.

181 1068 307 1128 Sed
349 1069 603 1151 objiciat
644 1068 886 1148 aliquis,
940 1089 1069 1130 non
1112 1070 1389 1150 liquere,
1432 1090 1578 1145 cur,
1640 1072 1694 1133 si
1753 1073 1840 1132 ita
1881 1070 1997 1146 sit,
2052 1078 2243 1151 poeta
2302 1091 2431 1131 non

181 1167 596 1246 appellaverit
656 1172 856 1248 ipsam
921 1169 1263 1232 Minervam
1283 1214 1300 1242 ,
1366 1168 1479 1230 sed
1538 1169 1789 1230 nomine
1847 1172 2048 1233 minus
2092 1177 2245 1234 noto
2283 1191 2430 1236 usus

178 1266 274 1326 sit.
371 1269 604 1330 Verum
669 1266 757 1329 ita
822 1275 891 1330 ut
954 1273 1206 1349 ageret,
1243 1266 1506 1349 idoneis
1565 1268 1799 1330 caussis
1861 1278 2112 1352 poterat
2173 1272 2427 1334 moveri.

173 1367 413 1441 Etenim
470 1387 701 1429 nomen
753 1368 1075 1434 Βασίλεια
1110 1374 1323 1449 aperte
1364 1367 1808 1449 significantius
1853 1379 1987 1435 erat
2044 1379 2108 1436 et
2169 1373 2252 1434 ad
2292 1392 2428 1434 rem

174 1466 404 1547 aptius,
449 1486 634 1549 quam
672 1460 968 1549 Ἀθηνᾶ,
1010 1467 1175 1530 hanc
1225 1473 1433 1536 autem
1472 1467 1936 1548 intelligendam
1978 1491 2118 1534 esse
2160 1479 2229 1535 ut
2266 1493 2425 1554 per-

175 1568 550 1647 spiceretur,
596 1576 658 1629 et
698 1566 926 1628 fabulis
971 1574 1216 1630 cautum
1261 1578 1396 1631 erat
1439 1578 1503 1631 et
1544 1555 1626 1631 ab
1668 1571 1807 1652 ipso
1864 1577 2055 1651 poeta
2095 1571 2205 1647 iis,
2263 1589 2426 1655 quae

174 1668 254 1727 de
299 1668 421 1727 dea
463 1667 635 1743 dixit,
678 1671 828 1731 satis
870 1670 1206 1750 provisum.
1291 1673 1420 1734 Nec
1458 1672 1679 1747 refert,
1723 1675 1894 1752 quod
1944 1673 2009 1733 in
2053 1691 2129 1733 ea
2168 1672 2424 1733 fabulae

164 1780 350 1850 *parte
374 1818 390 1847 ,
434 1771 542 1831 ubi
585 1772 664 1832 de
706 1769 937 1833 Basilia
979 1791 1188 1833 sermo
1246 1779 1367 1846 est,
1428 1772 1743 1834 Minervae
1785 1773 1874 1833 ita
1914 1771 1987 1834 fit
2027 1773 2294 1846 mentio,
2358 1779 2424 1831 ut

171 1870 429 1950 proprio
472 1870 722 1933 nomine
762 1864 1106 1953 Ἀθηναία
1153 1879 1440 1944 vocetur,
1476 1871 1589 1958 Vs·
1629 1870 1794 1933 1562
1827 1892 1999 1952 sqq.:

1180 2006 1262 2018 -
1310 1972 1449 2044 πῶς
1502 1966 1589 2037 ἄν
1632 1995 1798 2037 ποτε

342 2069 696 2153 ἐπίκληρον
738 2066 909 2137 εἶναι
952 2064 1078 2150 τήν
1116 2065 1507 2152 Ἀθηναίαν
1550 2067 1752 2140 δοκεῖς

339 2163 542 2235 οὖσαν
587 2163 913 2251 θυγατέρ’,
951 2165 1163 2234 ὄντων
1207 2160 1509 2249 ἀδελφῶν
1548 2167 1834 2250 γνησίων
1844 2190 1869 2241 ,·

164 2271 359 2329 Immo
390 2269 457 2328 id
478 2269 698 2348 ipsum,
742 2267 913 2346 quod
953 2268 1081 2329 hoc
1101 2266 1246 2328 loco
1279 2267 1558 2329 Minerva
1590 2265 1814 2326 dicitur
1848 2266 2195 2348 ἐπίκληρος
2229 2267 2421 2340 Jovis,

165 2372 217 2430 si
243 2390 381 2431 cum
404 2369 479 2430 iis
505 2366 915 2441 contenditur,
937 2383 1098 2445 quae
1119 2364 1257 2426 aliis
1278 2366 1530 2428 fabulae
1552 2365 1710 2427 locis
1736 2365 1814 2426 de
1826 2363 2055 2427 Basilia
2079 2366 2287 2446 posita
2310 2386 2423 2428 re-

164 2470 498 2551 periuntur,
539 2469 619 2530 ad
654 2468 887 2530 nullam
919 2468 1107 2529 aliam
1127 2473 1254 2529 tam
1283 2466 1447 2527 bene
1476 2465 1758 2547 quadrat,
1793 2483 1978 2545 quam
2003 2465 2087 2527 ad
2107 2465 2420 2542 Basiliam,

163 2569 251 2631 ita
295 2575 364 2631 ut
390 2568 491 2632 vel
527 2570 695 2632 hunc
729 2567 941 2630 locum
970 2567 1045 2628 iis
1081 2567 1490 2630 adnumerare
1530 2565 1733 2640 liceat,
1779 2584 1815 2625 e
1859 2564 2082 2645 quibus
2126 2566 2421 2628 Basiliam

162 2658 305 2731 nonv
333 2669 642 2733 diversam
705 2687 842 2732 esse
908 2687 947 2729 a
1005 2668 1283 2732 Minerva
1348 2672 1666 2749 appareat.
1776 2667 1991 2745 Neque
2050 2665 2178 2729 hoc
2232 2666 2420 2730 velim

159 2770 747 2852 praetervideamus.
836 2770 1038 2850 Supra
1081 2769 1243 2832 enim
1284 2771 1392 2834 Vs.
1431 2768 1558 2833 828
1598 2765 2021 2830 Pisthetaerus
2081 2767 2421 2832 Minervam

161 2866 559 2954 (Ἀθηναίαν
605 2867 906 2952 πολιᾶδα)
951 2870 1235 2950 designat
1284 2867 1901 2949 Nephelococcygiae
1934 2862 2103 2931 θεὸν
2136 2868 2421 2934 πολιοῦ-

162 2993 303 3056 χον.
391 2973 501 3033 Cui
560 2975 924 3033 adversatur
964 2971 1215 3049 quidem
1278 2970 1644 3051 Euelpides,
1702 2968 1815 3029 sed
1860 2969 1993 3050 ejus
2035 2966 2229 3029 verba
2272 2990 2420 3029 om-

160 3070 308 3131 nino
351 3090 479 3132 non
521 3078 842 3146 curantur3
888 3087 1092 3150 neque
1134 3071 1200 3131 in
1222 3072 1337 3147 jiS,
1412 3089 1574 3151 quae
1616 3076 1841 3152 postea
1882 3065 2190 3149 leguntur,
2231 3067 2418 3129 ullius

42 3159 46 3162 Δ
159 3170 314 3232 alius
358 3173 525 3239 θεοῦ
567 3165 931 3256 πολιούχου
972 3172 1204 3233 mentio
1258 3171 1348 3236 fit.
1430 3161 1568 3235 Jam
1608 3172 1897 3253 profecto
1942 3186 2070 3229 non
2112 3167 2420 3250 intelligi-

159 3278 274 3347 tur,
317 3292 446 3334 non
490 3280 616 3334 tam
649 3292 774 3354 quo
816 3273 944 3336 fine
989 3281 1184 3356 poeta
1223 3274 1388 3337 illius
1428 3273 1652 3334 avium
1689 3269 1860 3332 urbis
1895 3258 2241 3330 Minervam
2277 3290 2416 3333 esse

157 3364 327 3436 θεὸν
357 3371 717 3457 πολιοῦχον
745 3371 1009 3450 finxerit,
1055 3374 1274 3455 dequo
1304 3373 1466 3451 vide,
1512 3390 1673 3455 quae
1710 3386 1900 3453 supra
1942 3389 2005 3450 p.
2031 3370 2153 3431 113
2190 3377 2251 3431 et
2292 3372 2416 3433 118

157 3468 524 3546 monuimus,
572 3488 757 3551 quam
798 3474 1118 3554 quomodo
1147 3474 1269 3554 ipsi
1291 3475 1455 3535 hanc
1483 3491 1619 3535 rem
1653 3470 1889 3553 fingere
1925 3469 2183 3545 licuerit,
2228 3490 2416 3551 quum

155 3569 534 3649 reliquorum
577 3572 840 3637 deorum
885 3575 1336 3657 Olympiorum,
1380 3578 1641 3654 excepta
1691 3571 1938 3646 Basilia,
1983 3570 2221 3632 nullam
2265 3590 2414 3631 om-

154 3672 303 3734 nino
346 3674 654 3737 rationem
692 3676 918 3737 haberi
958 3674 1260 3753 voluerit,
1321 3682 1507 3758 atque
1551 3691 1628 3737 ea
1649 3719 1666 3748 ,
1711 3690 1872 3752 quae
1915 3673 2033 3734 sub
2076 3670 2266 3734 finem
2309 3673 2414 3733 fa-

40 3789 52 3803 ·
154 3772 341 3835 hulae
385 3775 464 3836 de
505 3776 629 3838 hac
670 3777 845 3866 fecit,
902 3778 992 3840 ita
1034 3784 1395 3860 comparata
1437 3777 1596 3850 sint,
1655 3781 1723 3836 ut
1775 3792 1919 3836 eum
1977 3774 2185 3854 potius
2226 3773 2411 3834 Basi-

151 3870 302 3933 liam
345 3872 515 3943 θεὸν
558 3881 924 3965 πολιοῦχον
966 3880 1439 3943 constituturum
1481 3876 1676 3939 fuisse
1733 3880 2075 3965 exspectes.
2158 3870 2239 3933 Hi
2280 3871 2409 3952 igi-—

151 3979 252 4034 tur
292 3977 565 4057 scrupuli
622 3979 846 4042 remoti
903 3988 1110 4055 erunt,
1171 3981 1226 4043 si
1265 3978 1599 4060 sumptum
1644 3975 1859 4048 fuerit,
1925 3970 2240 4035 Comicum
2281 3991 2409 4033 vo-

149 4074 374 4152 luisse,
416 4079 707 4143 Basiliam
748 4078 1011 4145 eandem
1055 4099 1196 4143 esse
1231 4088 1427 4162 atque
1474 4080 1830 4141 Minervam.
1875 4108 1957 4121 --
1998 4073 2406 4154 Aequiescam

149 4176 213 4234 in
255 4177 352 4239 his
395 4178 679 4243 indicatis
722 4184 918 4264 magis
956 4199 1143 4263 quam
1187 4183 1409 4244 ordine
1452 4178 1796 4259 disputatis·
1881 4176 2013 4235 Hac
2056 4174 2239 4255 igitur
2272 4176 2407 4235 Ba-

151 4274 291 4337 silia
332 4279 396 4340 in
440 4281 897 4349 matrimonium
962 4283 1144 4348 ducta
1203 4282 1619 4349 Pisthetaerus
1677 4285 1807 4341 tum
1866 4295 2065 4348 novus
2128 4277 2407 4361 luppiter

1640 4394 1719 4453 10
