3022 4934
1404 281 1867 342 -118-

493 460 589 513 rat
631 447 851 526 aliquis
873 493 890 522 ,
957 467 1065 509 cur
1127 448 1254 509 hoc
1323 449 1528 528 ipsum
1589 448 1962 514 vocabulum
1999 449 2375 521 adhibuerit
2445 448 2750 514 Comicus.

490 553 780 609 Fortasse
822 567 952 608 non
1007 547 1317 608 absonum
1375 549 1560 618 fuerit
1615 545 1958 632 conjicere,
2025 568 2181 610 eum.
2221 549 2378 611 illud
2419 549 2578 610 ideo
2611 550 2749 627 ele-

491 652 684 731 gisse‚
729 655 797 709 ut
837 648 923 722 is,
991 649 1099 727 qui
1154 649 1602 710 Pisthet'aerum
1660 659 1900 731 ageret,
1941 666 2026 712 eo
2079 652 2252 730 quod
2293 652 2571 731 priorem
2613 640 2750 733 syl-

487 749 699 809 labam
741 749 942 808 minus
1011 747 1801 829 distinctevpmnuntiaret,
1857 757 2222 833 spectantes
2265 757 2550 812 moneret
2588 769 2751 831 pro-

486 851 624 930 prie
667 849 1137 929 intelligendum
1181 868 1319 909 esse
1362 852 1484 913 τοῦ
1539 851 1885 934 ninyam-‚⁴
1919 850 2023 912 cui
2103 851 2386 932 opinioni
2439 860 2568 912 non
2621 851 2752 912 oba-

485 958 657 1010 stare
701 969 952 1025 censeo,
982 950 1166 1029 quod
1209 944 1601 1031 ‘cdapclxooffi
1662 951 2040 1027 vocabulum
2082 970 2295 1032 aeque.
2322 952 2602 1034 ignotum
2643 959 2750 1013 at·-

489 1068 611 1129 que
651 1049 824 1124 illud,
870 1051 1129 1129 proprie
1171 1049 1446 1130 priorem
1488 1049 1792 1130 syllabam
1854 1050 2105 1133 longam
2126 1053 2504 1115 shabiturum
2565 1056 2747 1112 esset.

487 1151 660 1210 Haec
702 1150 889 1228 igitur
928 1170 1046 1228 pro
1093 1169 1170 1209 ea
1212 1150 1530 1212 sententia·
1561 1151 1772 1211 afferri
1811 1157 2321 1232 possunt5„quam
2354 1168 2558 1230 supra·
2584 1171 2747 1230 pro-

486 1249 636 1306 fessi
677 1266 922 1321 sumuS,
980 1267 1108 1307 nou
1153 1248 1236 1306 ad
1280 1266 1391 1322 eos
1435 1247 1614 1307 solos
1659 1247 2141 1322 alludimuros,
2181 1254 2288 1330 qui
2332 1251 2750 1314 Themistocle

485 1353 740 1405 curante
782 1346 951 1405 circa
992 1347 1158 1424 ipsas
1200 1347 1476 1406 Athenas
1519 1347 1701 1407 ducti.
1728 1355 1889 1421 sunt.
1975 1350 2114 1410 Sed.
2149 1370 2333 1429 quae
2359 1371 2440 1412 ex
2475 1354 2748 1423 accurav-

488 1447 647 1506 tiore
715 1446 1136 1526 descriptione
1193 1447 1389 1507 nuntii
1431 1446 1579 1507 inde
1631 1448 1711 1506 a'b
1755 1449 1868 1509 Vs-
1923 1450 2086 1509 1133
2132 1451 2560 1510 destructura
2600 1470 2747 1511 mu-

486 1565 697 1606 rorum
763 1548 1064 1628 colligere
1132 1549 1305 1622 licet,
1369 1568 1485 1609 nos
1527 1549 1829 1629 ‘relegant
1891 1551 2103 1629 potius
2131 1586 2151 1604 2
2185 1551 2267 1612 ad
2328 1551 2456 1613 hos
2513 1569 2745 1627 muros,

485 1646 715 1725 quippe
757 1646 984 1708 horum
1026 1647 1382 1727 superiores
1406 1655 1633 1729 vpartes
1677 1649 1868 1712 fuisse
1909 1648 2230 1724 lateritias,
2279 1655 2484 1712 »certe
2527 1649 2603 1711 iis
2635 1649 2744 1712 lo·-

485 1747 611 1821 cis,
674 1748 895 1826 quibus
941 1748 1688 1828 non-exantiquioribus
1744 1750 2073 1812 moenibus
2127 1751 2746 1832 copiasscaemento-

485 1868 656 1922 rum,
718 1869 796 1907 ex
836 1850 1077 1927 quibus
1129 1851 1236 1910 illa
1281 1857 1592 1910 exstructa
1655 1850 1862 1910 fuissev
1906 1851 2300 1923 crediderim,
2362 1856 2743 1927 supererat»,

487 1950 898 2027 probabiliter
960 1951 1049 2011 ait
1109 1951 1442 2011 Muellerus
1507 1950 1549 2008 l.
1595 1969 1648 2009 c.
1695 1970 1753 2028 p.
1804 1950 1902 2010 12.
1952 1951 2297 2012 secundum
2358 1949 2740 2029 Thucydidis

489 2047 697 2106 locum
741 2049 1028 2121 citatum;
1071 2049 1161 2108 sic
1207 2048 1391 2108 etiam
1435 2047 2060 2130 Nepheloooccygiae
2104 2067 2422 2123 murorum
2461 2047 2748 2126 superior

483 2166 628 2227 pars
672 2147 953 2208 lateritia·
985 2157 1105 2221 est,
1165 2165 1368 2227 neque
1412 2148 1650 2207 eadem·
1679 2147 1819 2224 ipsa
1859 2164 1960 2206 res
2005 2146 2617 2232 dereliquismuris
2663 2147 2745 2206 ad

485 2249 866 2308 munimenta
920 2248 1314 2308 Athenarum·
1351 2245 2037 2325 urbis-pertinentibus
2087 2245 2273 2309 valet.
2326 2246 2747 2325 *Quamquam

486 2368 565 2406 ne
608 2348 689 2406 ab
733 2347 856 2406 hac
900 2347 1151 2423 quidem
1193 2352 1374 2423 parte
1421 2346 1631 2405 omnia
1672 2339 1927 2423 prorsus
1975 2351 2154 2405 :sunt
2182 2346 2341 2411 inter
2381 2367 2451 2408 se
2494 2345 2740 2409 similia.

485 2450 639 2509 Nam
680 2447 744 2506 in
786 2447 911 2507 illis
954 2447 1280 2507 moenibus
1322 2446 1709 2507 Athenarum
1750 2446 1920 2507 urbis
1991 2443 2359 2525 »crepidinis
2407 2465 2561 2508 saxa
2603 2443 2742 2529 (θε-

483 2548 752 2628 μελίους
792 2546 1049 2630 λίθους)
1094 2566 1223 2606 non
1267 2549 1572 2626 quadrata
1616 2547 1717 2624 vel
1761 2547 1844 2608 ad
1885 2566 2168 2614 normam
2208 2565 2398 2609 caesa·
2435 2543 2540 2629 (οὔ
2586 2557 2742 2626 ξυν-

486 2645 991 2728 ειργασμένους),
1056 2647 1170 2706 sed
1229 2655 1696 2708 caementorum
1771 2649 1994 2725 modo,
2039 2654 2129 2708 ἰιι
2162 2650 2427 2728 quisque
2484 2666 2564 2709 ea
2618 2649 2742 2711 ad-

486 2752 771 2818 vexerat,
833 2750 1133 2824 congesta
1186 2745 1407 2821 fuisse,
1459 2746 1557 2809 :ita
1599 2754 1667 2809 ut
1709 2747 1897 2810 etiam
1937 2748 2364 2827 >sepulcrorum
2412 2749 2630 2829 cippos
2661 2756 2740 2826 ³et

485 2844 762 2924 sculptos
803 2843 1048 2923 lapides
1093 2844 1352 2926 (λίθους
1391 2846 1878 2931 εἰργασμένους)
1918 2848 1983 2908 in
2012 2867 2226 2908 muros
2268 2849 2743 2911 inclusos2con—

485 2945 724 3023 spicere
766 2944 1043 3021 liceret»,
1090 2947 1248 3007 duce
1293 2948 1657 3029 Thucydide
1693 2950 1823 3030 jam
1864 2950 2200 3011 Muellerus
2231 2951 2554 3012 adnotavit
2590 2950 2742 3027 ch

489 3052 707 3105 contra
748 3047 811 3103 in
856 3047 1042 3105 muris
1085 3048 1719 3129 Nephelococcygiae'
1749 3050 2081 3128 crepidinis
2112 3067 2276 3111 >saxa
2319 3049 2560 3128 sculpta
2588 3068 2741 3109 esse

485 3144 584 3202 vel
624 3143 863 3202 affabre
911 3143 1111 3216 facta,
1180 3163 1260 3203 ex
1304 3147 1407 3205 Vs,
1454 3147 1617 3207 1138
1674 3149 2061 3225 perspicitur.
2163 3150 2433 3211 Omnino
2495 3148 2588 3208 illi
2645 3148 2740 3209 rei

485 3243 772 3324 equidem
814 3262 941 3305 non
985 3243 1239 3305 nimium
1283 3246 1781 3307 tribuerim-tum
1826 3246 1964 3308 aliis
2009 3247 2088 3307 de
2132 3248 2365 3308 caussis
2408 3255 2538 3310 tum
2564 3246 2738 3331 ideo,

487 3344 656 3424 quod
698 3344 824 3405 hoc
867 3363 1059 3425 genus
1099 3366 1417 3408 murorum
1460 3348 1526 3408 in
1568 3346 1971 3409 fundamento
2024 3345 2404 3424 lapideo÷,·ex
2443 3346 2737 3407 lateribus

481 3464 608 3504 non
653 3444 846 3504 coctis
907 3444 1446 3528 lutocommissis
1512 3449 1577 3509 in
1643 3447 1903 3508 Graecia
1963 3445 2392 3525 pervulgatum
2438 3453 2605 3521 erat,
2669 3447 2736 3507 id

483 3546 653 3620 quod
717 3544 887 3604 idem
944 3545 1049 3606 ille
1108 3549 1206 3608 *vir
1250 3549 1828 3626 desideratissimuS,
1869 3555 2255 3626 praeceptor
2301 3565 2512 3631 meus,
2561 3550 2733 3626 cujus

479 3647 674 3708 verba
716 3665 844 3707 non
884 3649 1061 3726 potui
1120 3666 1249 3706 non
1289 3649 1428 3726 ipsa
1470 3648 1770 3709 adhibere
1827 3648 2179 3729 ubicunque
2219 3646 2322 3728 {ad
2377 3665 2508 3710 rem
2546 3647 2735 3712 face-

482 3752 649 3819 rent,
694 3747 933 3806 monuit
973 3747 1015 3807 l.
1060 3765 1113 3807 c.
1179 3767 1243 3825 p.
1273 3747 1350 3807 13
1380 3767 1474 3826 sq.
1559 3750 1719 3812 Utut·
1745 3751 1826 3811 de
1867 3751 1998 3824 his,
2052 3767 2223 3828 quae
2263 3748 2476 3813 adhuc
2512 3747 2733 3825 dispu-

479 3846 778 3918 tavimuS,
839 3846 1153 3920 statuitur,
1209 3848 1335 3908 hoc
1398 3856 1631 3910 certum
1675 3858 1800 3924 est,
1846 3850 2173 3912 Comicumss
2201 3847 2403 3920 iniis,
2447 3864 2607 3926 quae
2642 3847 2787 3917 :dep

478 3947 666 4007 muris
711 3946 1332 4027 Nephelococcygiae
1374 3949 1615 4026 posuit,
1676 3953 1984 4012 rationem
2041 3948 2343 4010 hahuisse
2380 3948 2734 4014 munimen—-

479 4033 682 4107 torum
723 4048 1106 4108 Athenarum
1168 4047 1360 4127 urhis,
1419 4056 1487 4108 ut
1546 4068 1664 4129 par
1707 4060 1870 4127 erat,
1945 4052 2053 4112 ubi
2098 4054 2386 4126 ageret-ur
2434 4049 2513 4108 de
2558 4049 2730 4121 urbe,

479 4164 638 4222 quae
682 4149 890 4226 quasi
905 4154 1198 4227 tauquam
1241 4149 1497 4211 colonia
1544 4152 1948 4215 Atheniensis
1981 4148 2435 4266 consideranda
2471 4155 2584 4223 est,
2629 4149 2730 4210 vel

477 4244 684 4323 potius
727 4255 1021 4328 tanquam
1065 4247 1299 4310 alterae
1352 4248 1655 4314 Athenae.
