3022 4934
1092 308 1552 372 —129—

182 475 556 558 Protogenia
616 481 764 538 natu
821 480 914 550 et,
970 481 1037 537 ut
1070 476 1445 555 >probabile
1485 483 1622 554 est,
1684 479 1978 562 dignitate
2043 480 2226 542 fuerit
2288 497 2434 542 ma-

176 577 311 659 jor,
366 594 495 638 non
549 581 760 655 potest
801 594 929 635 non
970 574 1171 638 videri
1205 577 1455 642 mirum.
1542 579 1666 642 Sed
1709 581 1949 643 desinet
1988 590 2091 643 res
2130 582 2290 643 mira
2329 582 2434 644 vi-

182 677 368 752 deri,
382 677 474 736 si
512 674 958 756 Protogeniam
1015 678 1273 758 proprie
1317 678 1548 738 nullam
1588 680 1792 754 aliam,
1836 701 2019 760 qnam
2060 682 2260 761 ipsam
2301 684 2430 745 Mi-

166 780 465 852 nervam,
485 795 645 837 esse
704 783 1014 856 sumptum
1072 779 1296 853 fuerit,
1326 785 1423 839 31
1461 799 1679 843 revera
1721 780 1853 857 illi,
1931 791 2146 862 utpote
2208 785 2431 897 majori

183 876 450 951 numini,
478 886 738 939 vaccam
778 897 916 939 esse
946 879 1347 941 immolatam.
1409 882 1584 943 Cum
1623 900 1749 961 qua
1807 883 2166 962 conjectura
2208 883 2430 943 eximie

181 977 490 1059 cong-ruit,
536 977 709 1055 quod
771 979 958 1039 etiam
999 959 1324 1040 Pandorae
1385 1001 1672 1043 sororem
1712 979 2001 1041 Basiliam
2057 984 2223 1061 apud
2265 984 2430 1044 Dio-

179 1076 397 1138 dorum
440 1077 704 1159 legimus
767 1080 1041 1141 omnium
1112 1080 1288 1142 Coeli
1321 1086 1530 1161 atque
1588 1084 1854 1151 Titaeae
1900 1080 2243 1142 liberorum
2284 1088 2434 1143 natu

181 1180 507 1242 maximam
549 1199 707 1247 esse.
793 1181 1328 1261 Omnium-ipsam
1366 1182 2000 1243 Atticam-‘Minervam
2037 1181 2232 1243 fuisse
2274 1199 2434 1255 eam,

179 1297 340 1358 quae
392 1281 714 1345 Βασίλεια
758 1280 890 1342 sive
947 1283 1232 1353 Βασιλὶς
1290 1282 1876 1363 cognominabatur,
1953 1281 2145 1342 fidem
2199 1283 2431 1344 faciunt

85 1364 92 1370 ’
179 1378 363 1439 etiam
405 1382 667 1440 Tzetzae
710 1382 900 1442 verba
943 1381 1406 1462 paullo‘supra·
1431 1381 1722 1456 tractata,
1768 1383 1820 1440 si
1864 1400 2012 1442 vera
2054 1390 2221 1456 sunt,
2267 1402 2430 1460 quae

178 1477 256 1537 de
298 1478 374 1537 iis
417 1479 881 1559 disputavimus,
984 1484 1212 1542 Verum
1266 1484 1427 1543 haec
1455 1483 1777 1544 indicasse
1818 1483 2034 1562 magia,
2078 1502 2266 1562 quam
2310 1504 2429 1544 ex-

177 1580 479 1659 posuisse,
521 1579 648 1640 hoc
688 1580 835 1641 loco
878 1580 1027 1642 satis
1057 1580 1300 1661 habeo.
1343 1581 1721 1656 *Videamus
1757 1582 1921 1662 J‘am,
1979 1600 2124 1643 num
2163 1601 2323 1662 quae
2365 1584 2430 1643 in

178 1680 299 1741 hac
340 1679 476 1758 ipsa
517 1678 731 1744 tabula
772 1678 959 1753 insint
1002 1699 1080 1769 eo
1126 1680 1454 1771 ducentia,
1499 1688 1568 1742 ut
1608 1682 1687 1741 ab
1731 1681 1856 1741 hoc
1903 1689 2095 1761 poeta
2135 1684 2431 1745 Basiliam

178 1782 413 1844 nullam
458 1779 642 1842 aliam
683 1764 963 1862 habitam
1005 1800 1174 1861 3333,
1238 1802 1424 1863 quam
1480 1782 1839 1858 Minervam,
1881 1803 2214 1846 sumamus.
2297 1787 2430 1847 Ini-

180 1882 330 1944 tium
374 1885 709 1964 capiamus
735 1903 774 1946 a
816 1885 1508 1966 sententiaEuphronii
1544 1885 1889 1953 tractanda.
1975 1886 2032 1947 ls
2078 1879 2266 1965 quum
2299 1888 2432 1946 Ba-

178 1982 381 2043 siliam
422 1983 592 2044 Jovis
635 1982 831 2043 filiam
875 1984 1132 2057 dixerit,
1178 1985 1526 2064 quaeritur„
1555 1992 1759 2044 utrum
1800 1985 1868 2041 id
1910 1984 2131 2042 fecerit
2174 1986 2254 2064 ah
2295 1985 2432 2044 aliis

178 2082 397 2142 doctus
442 2102 522 2142 33
566 2086 784 2144 ductus
826 2086 900 2143 iis
944 2086 1126 2163 ipsiS,
1191 2099 1353 2163 quae
1399 2083 1566 2162 apud
1606 2071 1773 2142 hunc
1827 2089 2079 2162 poetam
2126 2085 2204 2143 de
2245 2086 2433 2145 Basi-

176 2181 262 2242 lia
305 2190 446 2243 sunt
486 2184 721 2261 posita3
786 2202 1017 2261 porro:
1078 2200 1265 2261 quam
1318 2181 1488 2260 Iovis
1529 2180 1725 2254 filiam
1765 2181 2161 2243 intellexerit.
2248 2183 2434 2254 Quod

184 2280 263 2340 ad
307 2281 470 2342 11333
513 2281 769 2343 alteram
815 2281 1045 2342 attinet·
1076 2266 1538 2359 quaestionem,
1583 2279 1953 2341 scholiastes
1976 2327 1993 2356 ,
2055 2281 2158 2360 qui
2203 2281 2283 2342 de
2325 2282 2438 2343 illa

178 2368 525 2461 Euphronii
577 2383 882 2443 sententia
924 2380 1206 2455 rettulit,
1235 2376 1619 2441 existimasse
1662 2382 1936 2455 videtur,
1993 2381 2159 2442 hunc
2203 2383 2436 2443 nullam

180 2481 367 2543 aliam
409 2483 854 2558 intellexissse,
917 2500 1104 2563 quam
1164 2482 1543 2544 Minervam.-
1577 2481 2011 2543 -Accuratiora
2068 2483 2148 2544 de
2200 2484 2322 2545 hac
2365 2504 2434 2545 re

181 2604 308 2643 non
350 2592 615 2663 possunt
657 2587 833 2645 effici.
918 2586 1029 2656 Dev
1057 2583 1266 2663 priore
1307 2582 1418 2641 illo
1476 2582 1661 2642 etiam
1703 2584 1899 2661 magis
1945 2583 2134 2642 dubia
2174 2602 2275 2643 res
2321 2591 2433 2643 est.

178 2687 340 2745 Fieri
382 2704 724 2767 sanequam
789 2687 1021 2766 optime
1073 2691 1336 2767 potest,
1372 2690 1443 2743 ut
1493 2683 1887 2762 Euphronius
1943 2700 2122 2743 suam
2177 2688 2437 2744 senten-

182 2786 328 2847 tiam
366 2786 625 2847 .aliunde
667 2787 950 2848 hauserit
992 2793 1056 2847 et
1097 2785 1385 2847 auctores
1423 2783 1988 2862 .mtis·'sslocupletes
2031 2791 2280 2844 secutus
2322 2783 2404 2843 sit
2418 2803 2435 2856 ;

181 2888 294 2947 sed
329 2889 549 2969 negari
612 2889 857 2969 nequit,
920 2907 1110 2968 posse
1154 2887 1342 2946 etiam
1384 2883 1563 2958 fieri,
1636 2893 1703 2944 ut
1755 2883 1928 2942 nullo
1986 2903 2133 2942 usus
2179 2882 2258 2941 sit
2311 2882 2432 2942 nisi

178 2989 302 3048 hoc
344 2996 553 3070 poeta.
635 2992 799 3050 Ecce
843 2991 953 3050 tihi
993 2990 1237 3064 locum,
1301 2987 1406 3066 qui
1450 2993 1546 3047 est
1587 2988 1693 3066 st
1744 2983 1909 3046 1752
1951 2992 2014 3045 et
2060 2983 2263 3059 1753,
2322 2983 2430 3042 ¹ubi

179 3089 338 3150 haec
380 3090 590 3167 posita
630 3094 772 3149 sunt
829 3089 906 3149 de
948 3088 1363 3162 Pisthetaero:
1535 3084 1538 3086 ’

350 3181 472 3252 Acci
517 3188 587 3251 σε’
629 3182 711 3251 τοὶ
760 3180 996 3254 πάντα.
1031 3185 1365 3272 spaericae

289 3344 292 3345 ν
349 3291 458 3356 καὶ
504 3282 855 3373 adp-stipor
876 3291 1240 3357 Βασίλειαν
1267 3289 1270 3293 ’
1294 3291 1437 3376 ἔχει
1468 3283 1642 3361 Διός.-

182 3392 371 3452 Haec
392 3394 587 3453 verba
623 3393 919 3452 facillime
941 3394 1030 3453 ita
1049 3393 1257 3472 accipi
1297 3386 1580 3472 possunt,
1609 3396 1679 3451 ut
1709 3390 1938 3451 chorus
1963 3390 2149 3466 dicat,
2185 3389 2437 3450 Pisthe-

183 3501 419 3552 taerum
455 3495 698 3554 sociam
757 3494 1002 3556 habere
1038 3491 1329 3555 Basiliam
1369 3494 1540 3555 Jovis
1586 3491 1809 3552 filiam.
1914 3490 2115 3570 Vulgo
2172 3492 2256 3552 ita
2320 3509 2436 3552 ca·-

181 3590 503 3669 piuntur-,-'·
529 3592 713 3670 quasi
747 3601 941 3673 poeta
972 3592 1188 3675 ‘potius
1250 3594 1558 3656 dicentem
1601 3591 1817 3653 fecerit
1861 3586 2142 3663 chorum,
2184 3590 2437 3651 Pisthe-

179 3694 420 3756 taerum'
459 3695 753 3757 Basiliam
792 3696 1072 3772 hahere,
1111 3716 1291 3777 quae
1333 3697 1487 3758 Jovi-
1514 3693 1804 3755 assideat.
1891 3691 2014 3752 Sed
2059 3692 2280 3753 mirum
2324 3690 2437 3752 es·-

180 3803 311 3870 set,
371 3799 426 3857 si
477 3799 796 3872 Comicus,
851 3799 1356 3861 illazssverborum
1422 3795 1835 3857 collocatione
1910 3812 2059 3852 usus
2082 3813 2228 3852 -333
2273 3802 2438 3854 33331

184 3899 279 3956 eo>
302 3896 458 3974 fine,
491 3906 586 3959 ⁴ut
627 3897 1036 3978 significaret,
1081 3899 1376 3972 Basiliam
1416 3895 1588 3960 lov—is
1629 3893 1834 3954 filiam
1873 3910 2033 3953 esse.
2120 3892 2435 3972 Quidquid

181 3997 366 4077 igitur
421 4000 716 4062 statuitur
776 3998 1162 4075 d1².··t'onte-,¹
1200 4016 1301 4061 ex‘
1334 4016 1461 4079 quo
1504 3993 1907 4078 Euphronius
1944 3992 2227 4055 hauserit
2261 3992 2437 4062 illam

184 4097 485 4174 notitiam,
526 4099 655 4161 hoc
686 4107 934 4162 certum
975 4105 1087 4173 est,
1109 4099 1212 4171 jah
1255 4095 1997 4178 A-ristophaneBasiliam
2034 4094 2212 4157 Jovis
2241 4093 2438 4159 filiam

184 4197 460 4261 habitam
496 4216 654 4261 esse.
711 4201 867 4264 'Sed
900 4219 1230 4280 quamnam
1259 4197 1368 4261 ille
1403 4196 1706 4259 intellexit
1744 4196 1913 4257 Jovis
1951 4194 2148 4257 filiam
2174 4198 2440 4262 eandem

182 4297 500 4378 virginem,
545 4336 629 4350 ——-
688 4321 835 4365 nam
877 4298 1039 4387 κόρη
1079 4302 1326 4385 saepius
1391 4297 1742 4382 appellatur
1782 4296 2030 4374 Basilia,
2094 4334 2175 4347 --
2239 4309 2441 4362 utrum
