3022 4934
1382 299 1806 357 „24-

465 491 499 529 e
544 467 780 546 scriptis
828 463 1381 528 Grammaticorum
1428 473 1605 539 nota,
1651 465 1771 525 vid.
1798 467 2096 528 Johannis
2140 472 2317 554 Ales.
2364 473 2712 556 Turnum.

463 592 521 650 p.
559 572 666 643 39,
710 568 793 628 30
855 574 915 626 et
970 564 1238 623 Bekkeri
1302 565 1519 623 anecd.
1583 587 1643 646 p.
1685 567 1868 627 1310.
1979 570 2155 632 Hanc
2209 572 2393 653 igitur
2447 573 2713 651 positam

460 670 646 732 fuisse
693 671 770 731 ab
815 671 935 729 hoc
991 675 1179 747 poeta
1226 670 1580 749 conjectura
1627 679 1720 731 est
1762 671 2048 733 facillima
2080 684 2155 735 *et
2203 676 2712 755 probabilissima,

461 790 829 850 quamquam
890 790 1019 829 non
1087 771 1355 829 omnino
1422 778 1609 830 certa.
1732 773 1956 830 Forma
2022 778 2349 857 αἴφνης
2412 797 2554 837 usus
2623 788 2714 837 est

457 871 783 950 Euripides
835 871 1031 951 Iphig.
1077 870 1277 930 Aulid.
1323 871 1427 930 Vs.
1470 871 1626 933 1581
1681 872 1893 933 Matth.
1923 907 2007 916 -

1506 1179 1667 1257 ΧΙ.
1698 1217 1701 1220 ·

514 1320 832 1367 Pei-sanatur
881 1319 972 1367 Vs.
1002 1317 1126 1367 852.
1221 1319 1280 1366 ln
1325 1326 1637 1368 transcursu
1691 1320 1993 1387 explicatur
2035 1312 2352 1388 Supplicum
2398 1323 2492 1372 Vs.
2526 1298 2647 1370 31¹0.

682 1460 1038 1526 Ἐνταῦθα
1087 1459 1167 1544 δή
1213 1486 1281 1527 σε
1326 1464 1503 1535 Ζεῦς
1554 1459 1832 1545 τίθησιν
1873 1466 2176 1546 ἔμφρονα
2539 1509 2543 1514 ·
2581 1465 2710 1525 850

681 1563 958 1642 ἐπαφῶν
1003 1553 1281 1645 ἀταρβεῖ
1321 1564 1481 1647 χειρὶ
1529 1564 1635 1626 καὶ
1681 1555 1895 1644 θιγών
1939 1557 2178 1643 μόνον.
2589 1583 2593 1589 ·

680 1654 1096 1742 Ἐπιὸνυμον
1147 1663 1215 1725 δὲ
1247 1665 1399 1727 τῶν
1448 1656 1602 1733 Διὸς
1645 1657 2080 1743 γεννημάτων

675 1758 880 1829 τέξεις
926 1755 1235 1821 κελαινὸν
1271 1753 1631 1835 ”Επαφον’·
1694 1755 1767 1828 ὃς
1818 1757 2242 1837 καρπώσεται·

677 1851 841 1934 ὅσην
884 1853 1302 1938 πλατύρῥους
1349 1857 1587 1926 Νεῖλος
1639 1849 1894 1937 ἀρδεύει
1936 1850 2181 1937 χθόνα.

454 1975 665 2032 Verba
715 1982 856 2032 sunt
898 1974 1254 2033 Promethei
1315 1973 1395 2031 ad
1441 1974 1652 2031 Ionem
1712 1974 2012 2032 conversi.
2114 1975 2499 2034 Vocabulum
2550 1999 2708 2055 γεν-

453 2070 774 2154 νημάτων
834 2092 1020 2149 quum
1076 2073 1138 2131 in
1195 2073 1566 2131 editionibus
1614 2072 1898 2132 Brunckii
1946 2081 2006 2132 et
2051 2072 2354 2132 Schuetzii
2401 2075 2541 2134 voci
2589 2086 2707 2140 θι-

451 2169 774 2253 γημιὶτων
829 2192 865 2231 a
908 2174 1262 2254 Peyraredo
1311 2174 1388 2232 de
1436 2175 1789 2253 conjectura
1845 2193 1959 2252 per
2011 2192 2079 2232 se
2131 2191 2350 2251 parum
2402 2176 2709 2250 probabili

452 2277 765 2354 repositae
833 2277 1153 2349 cessisset,
1239 2278 1742 2336 Wunderlichius
1822 2278 2131 2335 observat.
2209 2278 2270 2334 in
2341 2278 2708 2357 Aeschylum

450 2395 511 2453 p.
552 2376 672 2435 148
712 2396 845 2455 sqq.
894 2386 956 2436 et
999 2378 1392 2436 Wellauerus
1449 2377 1657 2435 adnot.
1704 2377 1784 2435 ad
1829 2377 1890 2435 h.
1924 2378 1965 2434 l.
2011 2378 2094 2435 ita
2140 2379 2344 2446 conati
2400 2386 2539 2436 sunt
2588 2378 2709 2436 de·-

452 2476 746 2549 fendere,
818 2486 881 2535 ut
936 2477 1241 2557 γέννημα
1296 2465 1790 2558 qenerationem
1846 2470 2193 2554 significare
2250 2484 2591 2536 statuerent
2650 2487 2710 2536 et

453 2576 999 2635 contrectationem
1058 2575 1322 2634 eandem
1376 2574 1842 2656 generationem
1896 2573 2085 2633 fuisse
2140 2583 2482 2636 monerent.
2585 2576 2709 2635 Sed

452 2678 539 2736 ita
582 2677 758 2734 nimis
804 2678 1062 2754 abrupte
1106 2685 1168 2735 et
1207 2677 1469 2735 obscure
1512 2677 1750 2735 locutus
1797 2682 1962 2735 esset
2003 2684 2209 2754 poeta.
2296 2677 2455 2738 Illud
2487 2678 2706 2756 ipsum,

453 2778 592 2835 fore
636 2776 1184 2834 contrectationem
1232 2777 1495 2834 eandem
1542 2777 2039 2855 generationem,
2099 2776 2244 2853 quin
2287 2786 2454 2836 certe
2501 2780 2713 2858 aliquo-

451 2879 642 2938 modo
688 2876 1094 2956 significatum
1140 2877 1217 2936 sit
1258 2877 1383 2937 hoc
1425 2878 1600 2950 locO,
1665 2877 1917 2941 dubium
1963 2895 2099 2936 esse
2151 2897 2276 2937 non
2321 2886 2547 2956 potest.
2631 2880 2710 2938 Et

455 2978 778 3039 concessit,
812 2978 944 3054 ipse
1006 2977 1509 3042 Wunderlichius
1566 2979 1818 3039 brevius
1871 2985 1933 3037 et
1981 2977 2397 3063 negligentius>
2436 2978 2708 3044 locutum

457 3098 595 3138 esse
640 3077 1043 3157 Aeschylum,
1103 3078 1216 3137 sed
1259 3078 1383 3137 hoc
1424 3078 1669 3137 licuisse
1714 3079 1802 3148 ei,
1860 3097 2046 3155 quum
2090 3097 2191 3137 res
2237 3079 2518 3142 omnibus
2562 3087 2711 3148 nota

457 3180 706 3250 fuisset,
767 3178 1108 3251 contendit,
1173 3196 1465 3248 monenS,
1538 3175 1799 3235 eandem
1835 3176 2053 3258 ,ipsam
2083 3177 2351 3239 2dicendi
2405 3179 2710 3239 rationem

459 3303 596 3342 esse
641 3282 783 3342 loco
831 3281 1133 3360 gemello,
1198 3281 1301 3359 qui
1348 3288 1442 3339 est
1484 3278 1840 3358 Supplicum
1882 3278 1987 3339 Vs.
2014 3276 2157 3341 310.
2247 3275 2476 3337 Omnes
2525 3300 2707 3355 quum

458 3385 608 3444 dixit
668 3383 761 3443 vir
818 3382 1067 3454 doctuS,
1130 3381 1300 3441 haud
1346 3380 1529 3440 dubie
1577 3397 1720 3452 eos,
1772 3378 1889 3458 ‚qui
1943 3378 2332 3457 spectabant,
2395 3379 2709 3437 intellexit.

454 3484 616 3545 Male
661 3482 931 3560 quidem.
1017 3482 1243 3542 Nostro
1288 3481 1429 3542 loco
1471 3480 1705 3539 Ioniet
1740 3478 1949 3540 Choro
1995 3477 2294 3548 nihildum
2337 3485 2549 3541 notum
2591 3487 2710 3553 est;

454 3585 813 3645 vaticinatur
855 3580 1262 3643 Prometheus
1309 3580 1386 3639 de
1434 3580 1653 3652 rebuS,
1719 3597 1879 3657 quae
1926 3578 2169 3638 futurae.
2201 3577 2372 3650 isim,
2413 3577 2601 3655 'quod
2645 3587 2710 3638 ut

455 3684 636 3744 claris
694 3692 755 3741 et
807 3682 1145 3759 perspicuis
1202 3681 1409 3741 verbis
1478 3680 1714 3739 faceret
1774 3680 2124 3759 oportebat.
2242 3678 2434 3738 Aliter
2484 3698 2586 3738 res
2640 3700 2707 3739 se

452 3784 646 3843 habet
689 3782 1043 3860 Supplicum
1099 3782 1261 3842 loco.
1370 3781 1512 3853 Quo
1567 3782 1619 3840 si
1664 3781 1906 3842 Chorus,
1965 3764 2210 3843 brevius
2272 3788 2333 3840 et
2387 3780 2706 3842 obscurius

452 3886 690 3946 locutus
751 3892 844 3945 est
904 3892 971 3944 ut
1030 3884 1109 3944 de
1169 3902 1238 3944 re
1297 3884 1359 3942 in
1421 3882 1774 3943 universum.
1833 3890 2055 3958 nota,
2099 3881 2348 3942 minime
2407 3880 2707 3959 sequitur,

451 3984 616 4045 idem
673 3992 737 4045 ut
790 3985 1164 4046 Prometheo
1224 3984 1464 4044 licuerit
1520 4003 1774 4062 prorsus
1839 3984 1960 4044 alia
2022 3984 2084 4043 in
2147 3999 2363 4041 caussa
2422 3982 2707 4042 versanti.

455 4087 579 4146 Sed
631 4086 1007 4166 inquiramus
1067 4086 1443 4158 accuratius,
1507 4104 1652 4149 num
1694 4084 2035 4165 Aeschylus
2074 4099 2309 4167 :revera
2357 4081 2605 4145 brevius
2652 4091 2712 4144 et

453 4186 854 4265 negligentius
915 4187 1156 4247 locutus
1211 4189 1289 4247 sit
1348 4183 1487 4248 loco
1548 4187 1922 4266 Supplicum.
2036 4183 2383 4256 Orationis,
2451 4199 2574 4261 qua
2630 4182 2707 4263 de

452 4287 637 4346 rebus
680 4286 846 4347 Ionis
894 4289 1252 4371 exponitur,
1311 4290 1687 4370 perpetuitas
1731 4289 1891 4349 haec
1936 4294 2063 4345 est:
