3022 4934
1135 297 1560 358 -23-

96 482 105 491 ⁸
223 469 490 548 aliquam
546 468 1041 549 conjunctionem
1093 465 1346 526 finalem
1401 474 1464 525 et
1513 485 1631 544 pro
1683 465 1987 527 infinitivo
2032 467 2272 547 κρᾶναι
2317 484 2480 523 con-

214 571 553 650 junctivum
597 586 676 627 ex
710 566 1286 647 conjunctioneilla
1317 565 1711 645 pendentem.
1795 567 2089 627 Habebat
2123 565 2227 625 ille
2259 567 2479 644 procul

221 669 410 729 dubio
450 668 577 727 boe
616 684 771 745 prae
817 666 1046 726 oculis:
1160 679 1162 681 ’

442 761 527 829 οὐ
580 769 798 830 ταῦτα
853 757 1107 853 ταύτῃ,
1164 756 1402 844 Μοῖρ’
1454 757 1675 836 ὅπως
1723 763 2115 848 τελεσφόρος

445 856 744 949 κρᾶν-ῃ,
805 866 1169 945 πέπρωται.

215 964 295 1025 Et
347 965 436 1027 sic
489 964 839 1044 legendum.
945 962 1110 1036 Quid
1165 960 1560 1045 τελεσφόρον
1618 962 1914 1043 κραίνειν
1975 965 2211 1037 valeat,
2278 967 2472 1027 scho—

215 1065 425 1126 liastes
468 1064 640 1126 haud
681 1065 905 1144 inepte.
932 1063 1241 1125 vocabulo
1279 1063 1526 1149 ταχέως
1564 1062 1885 1142 significat.
1969 1064 2108 1123 Non
2144 1082 2300 1143 opus
2337 1084 2474 1125 esse

215 1163 618 1250 τελεσφόρως
681 1167 991 1239 scribere,
1072 1165 1175 1225 vix
1237 1170 1333 1223 est
1390 1162 1560 1242 quod
1623 1183 1913 1225 moneam
1929 1186 1948 1241 3
2026 1168 2140 1226 sed
2198 1185 2279 1224 ne
2341 1168 2475 1244 quis

214 1274 422 1345 putet,
499 1267 581 1328 ad
641 1267 765 1328 hoc
827 1266 1082 1350 ducere⁴
1119 1257 1523 1348 ‘tsi-eocpo'pwv
1584 1266 1768 1340 illud,
1847 1266 2016 1346 quod
2076 1269 2141 1326 in
2203 1267 2474 1328 editione

211 1367 434 1427 Aldina
486 1376 609 1440 est,
670 1374 962 1446 reputare
1007 1366 1236 1445 jubeo,
1301 1370 1453 1442 quot
1505 1366 1744 1426 mendis
1797 1365 2261 1447 typographicis
2314 1366 2474 1428 haec

211 1470 289 1528 sit
328 1470 662 1547 inquinata.
759 1470 831 1528 In
874 1467 1089 1528 codice
1132 1464 1402 1527 Vindob.
1445 1467 1513 1525 B.
1559 1474 1654 1526 est
1697 1468 1898 1547 μοίρᾳ
1943 1490 2047 1527 πω
2093 1463 2476 1547 τελεοφόρῳ,

213 1566 383 1644 quod
424 1568 650 1646 ipsum,
697 1566 955 1626 credere
1002 1564 1220 1643 aliquis
1263 1564 1466 1643 primo
1512 1564 1733 1624 obtutu
1775 1564 2003 1643 possit,
2047 1563 2247 1622 veteri
2277 1563 2474 1624 scho-

209 1666 425 1726 liastae
478 1666 706 1727 lectum
759 1666 972 1726 fuisse.
1070 1663 1197 1724 Sed
1242 1663 1486 1743 injuria.
1584 1664 1724 1723 Non
1767 1662 2126 1742 reperiebat
2164 1663 2269 1723 ille
2309 1684 2473 1744 pro-

210 1766 375 1826 fecto
438 1765 732 1842 scriptum
792 1758 1085 1839 ου’-πω,
1168 1762 1339 1841 quod
1399 1782 1516 1823 nec
1580 1763 1733 1822 ferri
1795 1763 1921 1822 ullo
1988 1762 2179 1824 modo
2246 1770 2472 1841 potest.

210 1868 320 1925 Est
373 1867 479 1924 illa
521 1865 687 1924 docti
742 1865 996 1942 alicujus
1049 1863 1287 1922 librarii
1343 1862 1697 1923 emendatio
1739 1862 2055 1941 vulgatam
2109 1861 2470 1942 scripturam

212 1966 385 2026 nihili
432 1983 567 2025 esse
612 1964 1025 2044 intelligentis·
1064 1996 1149 2008 —
2253 1956 2259 1962 ”

808 2429 1087 2479 Profertur
1139 2429 1456 2497 conjectura
1504 2430 1560 2478 iu
1610 2428 1705 2480 Vs.
1747 2426 1874 2477 683.

430 2562 967 2649 Ἀπροσδόκητος
1016 2565 1080 2633 δ’
1122 2565 1336 2635 αὐτόν
1385 2567 1726 2650 αἰφνίδιος
1779 2567 1990 2649 μόρος

430 2670 560 2733 τοῦ
617 2671 742 2752 ζῇν
792 2660 1259 2752 οἶπεοτέρησεν.

211 2784 431 2845 Sermo
478 2791 573 2847 est
614 2785 694 2846 de
737 2787 926 2866 Argo.
1010 2788 1212 2848 Priori
1253 2803 1440 2848 versu
1481 2802 1669 2865 quum
1712 2785 2084 2846 vocabulum
2137 2782 2469 2866 αἰφνίδιος

210 2883 472 2964 synizesi
515 2887 617 2948 vix
669 2906 742 2947 ac
795 2905 874 2946 ne
928 2886 1031 2947 vix
1083 2886 1335 2964 quidem
1394 2891 1753 2956 excusetur,
1831 2883 1945 2942 sed
1999 2883 2218 2960 procul
2274 2884 2467 2944 dubio

212 2983 292 3042 de
342 2985 572 3044 mendo
628 2975 1066 3064 postulandum
1123 2986 1235 3056 sit,
1306 2983 1595 3041 facillima
1649 2979 1902 3058 quidem
1959 2987 2055 3040 est
2111 2979 2469 3061 conjectura

210 3082 484 3161 Elmsleji
540 3077 844 3166 ἀφνίδιος
910 3082 1098 3142 scribi
1156 3081 1431 3164 jubentis
1454 3125 1469 3153 ,
1548 3080 1616 3138 in
1672 3097 1857 3157 quam
1924 3081 2107 3139 etiam
2167 3101 2268 3141 me
2326 3101 2468 3142 me—

209 3180 385 3253 mini,
417 3169 420 3172 ⁴
457 3197 644 3259 quum
695 3178 963 3258 primum
1024 3181 1103 3241 ad
1160 3180 1327 3241 hunc
1375 3179 1582 3239 locum
1637 3179 1906 3239 animum
1965 3181 2233 3254 adverti,
2303 3182 2468 3240 inci-

210 3282 393 3354 dere,
439 3286 503 3339 at
545 3278 734 3338 dubia
775 3286 1002 3339 tamen.
1099 3280 1343 3340 Etenim
1394 3298 1583 3357 quum
1623 3298 1751 3338 non
1787 3280 1989 3340 solum
2041 3287 2218 3341 vetus
2266 3281 2466 3341 scho-

205 3382 416 3443 liastes
466 3380 531 3439 in
586 3380 991 3458 explicatione
1034 3381 1218 3463 hujus
1269 3381 1394 3440 loci
1435 3380 1671 3438 habeat
1708 3380 2084 3439 adverbium
2127 3381 2467 3464 ἐξαίφνης,

209 3479 336 3542 sed>
365 3479 531 3539 idem
564 3471 935 3540 vocabulum
973 3482 1159 3542 etiam
1195 3482 1259 3542 in
1279 3480 1457 3541 libro
1493 3480 1914 3542 Arundeliano
1951 3500 2139 3562 supra
2175 3485 2466 3562 scriptum

209 3581 319 3656 sit,
343 3574 344 3577 '
365 3581 507 3662 jure
552 3578 768 3658 aliquis
813 3583 1186 3661 suspicetur,
1244 3580 1606 3645 adverbium
1651 3580 1907 3661 aliquod
1950 3581 2178 3642 eodem
2220 3583 2467 3665 signifi-

211 3688 350 3743 catu
392 3680 769 3761 praeditum,
829 3700 954 3759 quo
983 3683 1345 3766 lgoelcpvng,
1397 3682 1510 3743 sed
1552 3681 1751 3759 minus
1796 3682 2085 3742 usitatum
2130 3686 2467 3763 notumque

208 3783 273 3842 in
304 3776 485 3841 libris
505 3780 713 3841 fuisse.
790 3780 927 3840 Jam
956 3788 1224 3855 constat,
1271 3777 1573 3844 exstitisse
1603 3782 1872 3843 formam
1904 3782 2184 3844 adverbii
2216 3788 2466 3864 αἴφνη-

211 3880 363 3957 δόν,
416 3880 562 3953 sed,
622 3897 760 3939 eam
810 3879 1368 3944 Alexandrinorum
1416 3882 1638 3956 fuisse,
1694 3883 2041 3944 Lobeckius
2097 3884 2335 3944 monuit
2386 3883 2466 3943 ad

209 3976 538 4065 Phrynich.
589 4003 652 4061 p.
680 3968 782 4043 19.
881 3983 1141 4061 Propius
1187 3985 1376 4045 etiam
1420 3986 1503 4045 ad
1545 3986 1828 4046 codicum
1879 4004 2060 4046 mser.
2103 3988 2469 4065 scripturam

214 4084 453 4145 accedit
494 4086 663 4165 apud
704 4084 1081 4166 Hesychium
1124 4084 1312 4146 obvia
1353 4087 1493 4147 illa:
1538 4079 1854 4167 ἅφνιδία,
1899 4087 2072 4167 quod
2098 4084 2469 4148 vocabulum

215 4186 542 4264 quominus
603 4187 960 4246 admittatur
976 4233 992 4262 ,
1070 4186 1222 4247 nihil
1296 4189 1547 4249 obstare
1615 4188 1881 4250 videtur.
2003 4186 2128 4247 Sed
2184 4188 2472 4267 proxima

218 4286 490 4348 omnium
535 4294 629 4350 est
670 4287 874 4350 forma
920 4285 1359 4372 αἰφνηδίς,
1402 4288 1801 4352 solummodo
1847 4306 1952 4363 ea,
1996 4296 2065 4351 ut
2107 4288 2305 4352 altera
2346 4289 2470 4363 illa,
