3022 4934
1126 325 1209 338 ..-
1294 292 1543 353 85».-

236 454 376 517 dico
420 457 586 519 bona
647 456 885 528 omnia,
953 474 1114 533 quae
1155 455 1581 520 Pisthetaerus
1620 457 1973 520 hominibus
2014 457 2316 538 promittit
2374 459 2479 519 Vs.

234 559 377 619 592.
435 563 707 638 ’Νιιιιιῑρεί
741 560 858 619 νε.
881 559 1028 618 575-
1060 559 1165 619 vel
1206 559 1333 640 578
1388 559 1469 619 ad
1509 568 1892 640 postremum
1931 562 2176 621 dixerat
2214 562 2479 644 chorus3

234 660 524 738 deinceps
566 677 681 737 per
720 658 914 720 breve
954 664 1193 742 tempus
1234 658 1681 723 Pisthetaerum
1709 661 2243 723 vsermocinantem
2278 659 2481 720 inter-

230 758 427 837 pellat
467 777 597 818 non
640 759 900 834 choruS,
963 759 1077 822 sed
1117 759 1497 839 Euelpides3
1542 761 1804 838 deinde,
1842 769 2176 840 postquam
2220 762 2480 824 chorum

232 857 442 919 dedita
500 878 694 938 opera
751 859 1085 939 appellavit
1143 860 1599 940 Pisthetaerus,
1657 865 1894 944 Upupa.
1936 860 2191 940 suscipit
2228 881 2480 924 sermo-

232 974 393 1032 nem,
436 978 564 1019 non
596 967 721 1020 tam
764 979 844 1020 ne
884 960 1023 1039 ipsa
1057 961 1652 1042 nimiopereJ-tacere
1690 962 1993 1036 videatur,
2036 961 2149 1022 sed
2192 969 2260 1042 ut
2296 962 2480 1021 etiam

234 1058 312 1116 ab
360 1059 497 1136 ipsa
557 1060 987 1120 examinentur
1030 1062 1195 1121 dicta
1239 1071 1303 1122 et
1329 1063 1669 1140 ..promissa
1709 1061 2091 1121 Pisthetaeri.
2147 1134 2152 1138 ι
2188 1062 2482 1137 Apparet,

232 1173 416 1232 quam
461 1159 706 1237 egregie
758 1158 946 1217 etiam
990 1159 1070 1218 ab
1113 1159 1236 1220 hac
1277 1167 1455 1238 parte
1500 1160 1967 1222 commendetur
2006 1165 2223 1220 nostra
2264 1157 2482 1219 distri—

229 1252 458 1314 buendi
500 1256 680 1317 ratio.
765 1256 900 1317 Jam
944 1256 1157 1337 quaeri
1198 1264 1425 1338 potest,
1467 1266 1823 1341 praestetne
1883 1260 1990 1322 Vs.
2011 1259 2137 1322 592
2178 1258 2479 1321 scribere:

895 1357 1055 1441 λέγε
1094 1353 1187 1440 δὴ
1224 1350 1385 1440 ’μοὶ
1429 1363 1572 1424 τῶν
1595 1359 1885 1443 α’γαθῶν
1941 1369 2040 1436 ἕν,
2097 1404 2111 1416 ·

174 1499 178 1501 »
230 1472 581 1535 quanquam
626 1412 1043 1531 concedimus,
1066 1459 1215 1517 non
1246 1476 1400 1518 esse
1434 1459 1698 1519 omnino
1721 1458 2162 1517 necessarium.
2184 1490 2271 1504 --
2310 1459 2480 1536 Ergo

229 1556 332 1613 νε.
363 1556 519 1616 591
547 1557 809 1615 chorum
871 1556 1209 1635 alloquitur
1270 1556 1709 1617 PisthetaeruS.
1806 1555 1987 1616 Dicat
2043 1557 2174 1637 jam
2237 1556 2481 1635 aliquiS,

229 1673 357 1714 non
399 1654 669 1734 liquere,
733 1656 786 1716 is
854 1676 961 1716 cur
1012 1655 1407 1747 potissimum
1447 1665 1741 1738 quattuor
1798 1657 2072 1736 appellet
2115 1676 2293 1732 aveS,
2363 1657 2484 1717 nisi

227 1755 555 1815 stationem
611 1756 790 1816 chori
848 1774 984 1817 eam
1045 1758 1239 1818 fuisse
1296 1748 1611 1834 sumatur,
1674 1764 1742 1817 ut
1783 1764 2075 1836 quattuor
2138 1756 2480 1817 choreutae

228 1853 477 1932 reliquis
518 1857 851 1935 propiores
878 1920 884 1928 ,
911 1863 1120 1930 essent
1175 1857 1574 1926 Pisthetaero.
1605 1857 1675 1917 in
1730 1855 2067 1934 proscenio
2102 1853 2480 1929 ,collocato;

229 1954 394 2030 unde
451 1957 854 2034 sequeretur,
897 1957 1213 2017 chorum.
1246 1952 1415 2021 κατά
1483 1948 1649 2037 guyn?
1706 1956 1898 2015 fuisse
1956 1954 2358 2032 dispositum,
2417 1955 2484 2015 id

230 2051 402 2131 quod
445 2069 635 2134 supra
686 2071 750 2135 p.
779 2055 860 2118 81
925 2053 1086 2117 alio
1120 2053 1530 2118 ratiocinandi
1570 2053 1764 2117 modo
1806 2054 2079 2135 probare
2120 2053 2482 2129 studuimus,

233 2159 325 2228 et,
383 2152 436 2213 si
481 2153 665 2214 etiam
708 2156 774 2235 id
802 2175 1028 2217 verum
1063 2163 1199 2232 est,
1245 2155 1416 2236 quod
1460 2155 1755 2231 di'ximuS,
1801 2154 2095 2228 chorum,
2150 2154 2270 2215 nisi
2313 2155 2483 2233 quod

230 2245 584 2313 conversus
613 2264 793 2330 esset,
838 2246 1109 2315 eundem
1143 2256 1361 2334 ipsum
1391 2246 1690 2318 ordinem
1704 2274 1989 2316 servasse
2031 2255 2098 2314 in
2117 2240 2482 2327 orchestra,

229 2372 354 2433 quo
397 2354 708 2434 ingressus
767 2363 964 2432 esset,
1033 2361 1327 2452 quattuor
1389 2357 1479 2419 illi
1549 2356 1888 2416 choreutae
1966 2363 2177 2415 essent
2240 2354 2482 2434 πέρδιξ,

229 2453 451 2529 πίπτοι,
495 2454 748 2536 νέρτος,
791 2455 1139 2540 πορφυρίς.
1226 2456 1378 2535 Sed,
1422 2472 1797 2538 quamquam
1836 2455 1999 2517 haec
2038 2471 2191 2516 sane
2234 2453 2482 2536 egregie

226 2559 590 2631 congruunt,
632 2573 760 2616 non
792 2572 1066 2635 possum,
1108 2557 1277 2636 quin,
1305 2564 1373 2618 ut
1402 2558 1590 2639 ajunt,
1637 2557 1775 2637 ipse
1799 2570 1942 2617 mea
1966 2557 2174 2617 vineta
2201 2555 2480 2617 caedam.

224 2654 467 2713 Etenim
511 2675 696 2735 quum
736 2659 841 2718 Vs·
866 2658 990 2719 875
1026 2658 1347 2720 videamus
1392 2658 1711 2740 φρυγίλον
1748 2656 1886 2716 dici·
1915 2652 2275 2737 Σαβάζιον,
2326 2678 2484 2736 φρυ-

222 2753 414 2834 γίλον
475 2754 706 2816 frustra
765 2760 1147 2836 quaesiveris
1205 2759 1368 2820 inter
1432 2775 1578 2821 aves
1598 2800 1615 2831 ,
1681 2773 1847 2837 quae
1889 2757 2152 2817 chorum
2197 2757 2481 2817 efficiunt.

222 2854 387 2932 Ergo
432 2854 487 2914 si
528 2875 774 2917 sumere
815 2857 993 2933 licet,
1055 2859 1118 2919 in
1161 2859 1260 2919 his
1315 2858 1502 2918 rebus
1545 2855 1666 2914 sibi
1710 2854 2060 2916 constitisse
2101 2854 2285 2914 hunc*
2310 2873 2481 2933 poe-

223 2961 379 3029 tam,
439 2957 717 3034 sequitur
756 2960 862 3018 Vs.
899 2960 1024 3019 591·
1068 2979 1195 3019 non
1234 2955 1545 3036 appellari
1587 2952 1860 3033 singulas
1903 2952 2258 3012 choreutas.
2340 2955 2481 3015 Eo-

224 3055 364 3114 dem
405 3055 676 3133 pertinet
732 3059 915 3136 -quod
972 3059 1078 3120 νε.
1118 3059 1243 3121 566
1299 3056 1593 3120 videmus
1624 3059 1892 3113 anatem
1948 3052 2174 3112 haberi
2215 3051 2484 3135 ὄρνιθα,

222 3151 298 3227 ὃς
341 3150 429 3221 ἄν
491 3149 750 3240 ἄρμόζῃ
802 3152 969 3222 uaso?
1014 3156 1426 3223 Ποσειδῶνα.
1512 3153 1635 3215 Sed
1692 3152 1857 3212 infra
1902 3152 2281 3225 ostendetur,
2344 3151 2483 3213 fieri

220 3273 439 3332 posse,
483 3261 553 3315 ut
591 3255 699 3317 Vs.
738 3255 865 3316 564
909 3255 989 3317 de
1032 3250 1219 3316 simili
1275 3253 1585 3333 accipitris
1640 3252 1723 3311 ad
1762 3249 2117 3329 Apollinem
2173 3250 2481 3312 relatione

227 3375 434 3417 sermo
481 3355 685 3430 fuerit,
744 3374 869 3435 quo
924 3356 1003 3414 de
1064 3355 1172 3414 cfr,
1233 3353 1419 3415 etiam
1478 3353 1583 3412 νε.
1625 3351 1782 3426 516;
1820 3351 1951 3432 jam
2007 3369 2159 3412 vero
2204 3352 2309 3413 νε.
2354 3352 2481 3413 570

226 3455 656 3532 cognoscimus
694 3451 998 3518 κύκνον
1039 3451 1322 3518 Πύθιον
1362 3453 1468 3518 καὶ
1502 3449 1768 3534 Δήλιον.
1851 3453 2012 3511 Hinc
2056 3452 2278 3532 aliquis
2313 3472 2476 3530 pro-

224 3553 433 3614 babile
507 3553 726 3628 ducat,
806 3559 1061 3633 poetam
1139 3572 1329 3614 unum
1388 3551 1777 3630 eundemque
1822 3552 2020 3613 deum
2088 3570 2126 3613 a
2198 3551 2478 3632 pluribus

226 3654 443 3715 avibus
484 3660 1011 3732 repraesentatum
1053 3654 1294 3714 fecisse.
1382 3653 1506 3715 Sed
1546 3651 1926 3732 postulabiS,
1970 3657 2039 3711 ut
2094 3651 2477 3725 ostendatur,

226 3754 450 3831 quibus
510 3754 589 3813 de
653 3753 885 3813 caussis
942 3753 1163 3815 fecerit
1184 3802 1199 3828 ,
1245 3759 1549 3833 quatenus
1587 3751 1914 3830 ‘quadrent
1972 3771 2120 3815 aves
2178 3753 2260 3813 ad
2302 3753 2474 3823 deos,

224 3852 586 3930 quibuscum
630 3840 1103 3932 componuntur.
1185 3848 1449 3916 An'hoc
1488 3854 1554 3913 in
1596 3852 1719 3914 hac
1757 3872 1976 3918 caussa
2017 3872 2142 3913 non
2183 3871 2342 3931 opus
2371 3851 2475 3912 vi-

221 3950 516 4014 debitur?
594 3952 869 4015 Difficilis
907 3957 1004 4013 est
1035 3953 1398 4035 conjectura
1428 3953 1725 4017 veritatis.
1806 3953 2109 4032 Equidem
2151 3971 2285 4014 rem
2323 3943 2473 4013 sus-'

219 4070 478 4133 pensam
505 4059 711 4117 teneo.
746 4074 749 4076 ’
786 4055 932 4117 ‘Hoc
967 4061 1174 4114 tamen
1203 4075 1330 4117 non
1368 4074 1553 4139 nego,
1597 4073 1784 4134 posse
1816 4054 1991 4115 illum
2028 4074 2274 4117 versum
2309 4054 2474 4115 hene

221 4154 303 4213 ad
345 4153 696 4215 universum
741 4156 1002 4217 chorum
1054 4154 1352 4218 directum
1397 4155 1597 4219 statui.
1657 4189 1741 4200 —
1782 4153 1902 4229 Ea,
1948 4155 2027 4215 de
2086 4172 2209 4234 qua
2266 4153 2475 4215 adhuc

223 4249 641 4332 disseruimus,
688 4256 866 4318 chori
898 4255 1085 4318 statio
1110 4257 1215 4318 νε.
1249 4258 1375 4347 490
1407 4274 1442 4316 a
1473 4254 1673 4317 choro
1710 4253 2089 4336 significatur
2120 4253 2219 4318 his
2244 4255 2465 4317 verbis:
