3022 4934
1444 317 1868 375 ...4-

537 485 755 547 saltem
799 479 1103 547 πέδαισιν
1148 485 1311 541 esset
1353 480 1777 555 scribendum,
1830 481 1939 541 cfr.
1981 481 2268 542 Ellendtii
2312 483 2456 540 Lex.
2488 483 2780 596 Sophocl.

535 581 806 653 v01.11,
874 597 1015 658 p.v
1068 597 1200 656 sqq.
1245 612 1329 622 —
1443 580 1536 639 Ex
1596 580 1800 641 verbis
1854 579 2147 665 χαλινοῖς
2213 586 2283 646 ἐν
2354 581 2783 661 newievown,

534 701 693 760 quae
749 682 854 740 Vs.
886 679 1005 739 561
1064 678 1380 773 leguntur,
1444 699 1581 740 cum
1638 681 1741 754 iis,
1814 699 1974 759 quae
2029 682 2153 742 hoc
2207 683 2349 743 loco
2406 689 2469 742 et
2522 681 2779 743 subinde

534 778 870 839 accuratius
929 762 1345 855 exponuntur,
1409 780 1762 856 compositis
1801 780 1941 859 jure
1996 780 2140 840 licet
2181 799 2455 853 sumere,
2516 781 2779 840 Prome-

533 878 746 937 theum
805 892 932 936 non
993 876 1194 936 solum
1262 875 1459 936 aereis
1520 876 1774 938 vinculis
1845 877 1925 936 ad
1984 897 2201 956 rupem
2261 877 2449 943 fuisse
2511 877 2779 951 affixum,

532 975 645 1036 sed
697 975 876 1036 simul
934 992 1086 1053 rupe
1142 975 1277 1053 ipsa
1331 993 1552 1056 corpus
1598 984 1765 1038 certe
1812 996 1889 1038 ex
1930 984 2108 1058 parte
2154 976 2328 1057 quasi
2372 979 2779 1057 amplectente

533 1076 943 1138 constrictum.
1031 1076 1320 1138 Similiter
1347 1079 1785 1140 Prometheum
1811 1080 1876 1140 in
1904 1078 2178 1141 Caucaso
2203 1078 2471 1138 vinctum
2498 1078 2781 1157 pinxerat

529 1177 844 1236 Euanthes
889 1177 951 1236 in
996 1176 1227 1256 templo
1270 1177 1439 1238 Jovis
1481 1179 1828 1240 Pelusiotae
1873 1186 2029 1240 teste
2060 1177 2296 1239 Achille
2342 1177 2518 1238 Tatio
2562 1177 2671 1249 111,
2704 1176 2777 1238 8:

531 1274 780 1337 δέδεται
825 1271 861 1338 o‘
908 1271 1323 1355 Προμηθεύς
1365 1275 1602 1358 σιδήρῳ
1654 1278 1760 1342 καὶ
1806 1278 2036 1359 πέτρᾳ.
2123 1276 2300 1348 Quae
2344 1276 2538 1337 verba
2580 1275 2776 1335 minus

529 1381 697 1433 recte
740 1375 1037 1434 intellexit
1079 1375 1145 1432 L.
1172 1373 1434 1433 Annibal
1465 1374 1786 1455 Cr'ucejus,
1833 1365 2021 1453 quum
2055 1375 2143 1436 sic
2184 1376 2619 1454 interpretatus
2656 1383 2776 1434 est:

535 1475 987 1535 «Prometheus
1049 1475 1269 1535 ferreis
1328 1474 1557 1535 catenis
1600 1458 1738 1554 rupi
1783 1474 2085 1556 adligatus
2131 1482 2320 1536 erat.»
2424 1473 2547 1534 Cfr.
2592 1474 2777 1533 etiam

531 1573 701 1651 quod
745 1593 877 1653 cap.
908 1574 967 1635 6.
1013 1573 1164 1635 dixit
1203 1574 1475 1649 Achilles,
1514 1574 1758 1649 Tatius:
1802 1576 2058 1654 πέτραν
2101 1574 2474 1650 Prometheo
2519 1590 2658 1634 esse
2700 1566 2776 1635 τὸ

527 1668 994 1753 δεσμωτήριον.
1081 1673 1168 1751 ,ld
1220 1673 1421 1752 ipsum
1464 1690 1502 1733 a
1544 1679 1735 1752 poeta
1776 1673 2128 1748 hocloco,
2188 1674 2269 1738 ab
2311 1673 2485 1733 initio
2529 1672 2775 1731 fabulae

525 1771 763 1849 posito,
826 1791 950 1848 quo
1006 1773 1209 1851 ipsum
1260 1772 1428 1840 Jovis
1485 1774 1841 1834 mandatum
1895 1764 2204 1855 eloquitur
2244 1771 2488 1842 Robur,
2532 1778 2615 1830 ut
2664 1788 2776 1849 par

527 1878 694 1942 erat,
775 1878 1059 1929 accurate
1127 1870 1534 1949 significatum
1602 1891 1740 1942 esse
1811 1889 2037 1930 censeo
2057 1915 2073 1943 ,
2150 1859 2320 1950 cujus
2382 1888 2522 1931 eam
2579 1871 2777 1950 ipsam

526 1970 892 2049 scripturam
935 1971 1113 2031 unice
1147 1988 1363 2031 veram
1383 1961 1537 2030 esse
1580 1971 1880 2045 arbitror,
1926 1987 2086 2050 quae
2120 1971 2183 2031 in
2218 1967 2487 2030 editione
2519 1970 2776 2030 Robor-

525 2065 775 2130 telliana
816 2068 1157 2149 reperitur:
1724 2133 1728 2136 ,

781 2164 1281 2251 ἀδαμαντίνως
1331 2167 1563 2241 πέδαις
1617 2173 1690 2236 ἐν
1744 2162 2090 2256 ἀρ’ῥήιιτοις
2144 2171 2438 2255 πέτραις.
2494 2212 2497 2216 -

523 2269 616 2329 De
659 2268 786 2331 hoc
827 2288 954 2332 uno
999 2269 1283 2331 dubitare
1325 2268 1497 2343 licet,
1549 2276 1752 2332 utrum
1796 2263 2781 2352 cidapuivu‘voeaecseribendum-

523 2373 602 2432 sit
644 2390 725 2431 an
770 2363 1326 2453 ἀδαμαντίνοις,
1408 2370 1550 2429 Pro·
1573 2370 1678 2430 illa
1720 2369 2022 2449 scriptura
2053 2370 2214 2437 ‚facit
2252 2371 2551 2432 libror-um
2594 2387 2777 2436 mser.
2822 2368 2824 2370 ’

522 2480 590 2543 et
626 2489 919 2542 numerus
963 2476 1027 2531 et
1069 2469 1450 2557 auctoritas,
1488 2489 1606 2548 pro
1650 2470 1771 2530 hac
1810 2470 2225 2548 quodminus
2259 2471 2491 2536 :usitata
2532 2478 2627 2532 est
2662 2472 2773 2535 -lo-

520 2573 682 2646 cutio
713 2562 1169 2652 ἀδαμάντινοι
1211 2569 1475 2652 πέτραι,
1513 2570 1593 2632 de
1621 2588 1743 2648 qua
1769 2568 1912 2635 vide
1940 2568 2236 2634 Friderici
2266 2569 2536 2632 Jacobsii
2565 2577 2772 2631 annot.

521 2672 602 2732 ad
644 2673 913 2732 Anthol.
939 2673 1188 2743 Graec.‚
1246 2674 1316 2731 T.
1345 2673 1449 2731 ΠΙ.
1502 2693 1565 2750 p.
1578 2671 1734 2732 622.
1838 2671 1949 2731 Illa
2003 2671 2332 2751 scriptura
2354 2677 2640 2748 recepta
2651 2670 2775 2731 hoc

525 2771 691 2833 dicet
730 2774 976 2841 Robur.
1020 2788 1157 2835 esse
1187 2770 1651 2846 Prometheum
1695 2793 1780 2836 cx
1822 2769 2137 2831 mandato
2182 2769 2385 2846 Jovis
2417 2769 2506 2831 ad
2529 2790 2772 2883 ‘rupem

521 2871 1162 2957 alligandumfirmo
1195 2869 1482 2934 vinculo
1492 2872 1587 2934 ita
1617 2879 1711 2933 ut
1726 2868 1928 2934 simul
1960 2889 2123 2952 rupe
2151 2868 2457 2952 ieffraqili
2484 2869 2773 2932 circum,—

525 2972 719 3033 datus
763 2972 868 3033 sit.
961 2972 1222 3038 Videtur
1276 2979 1485 3033 autem
1539 2970 1946 3035 Prometheus
1999 2969 2063 3032 in
2118 2969 2325 3049 aliquo
2381 2972 2572 3051 rupis
2603 2970 2774 3030 hiatu

526 3075 762 3153 positus
818 3071 1008 3132 fuisse
1030 3128 1034 3132 .
1060 3070 1178 3143 ita,
1243 3077 1309 3129 ut
1360 3090 1505 3148 pars
1561 3080 1815 3135 tantum.
1850 3074 2152 3154 corporis
2183 3074 2566 3152 promineret
2606 3081 2675 3134 et
2711 3073 2773 3133 in

526 3176 923 3251 conspectum
974 3168 1244 3252 ‚veniren
1346 3167 1522 3240 Quae
1566 3169 1914 3241 sententia,
1935 3219 1940 3226 .
1959 3169 2023 3227 in
2065 3171 2393 3246 propatulo
2417 3180 2533 3231 fest
2573 3174 2772 3246 situm,

527 3290 711 3350 quam
769 3269 1018 3350 egregie
1075 3267 1339 3345 quadret
1392 3267 1473 3328 ad
1528 3267 1621 3339 id,
1684 3268 1854 3346 quod
1906 3267 2198 3346 pluribus.
2239 3266 2343 3327 det
2374 3271 2630 3333 caussis·
2655 3293 2772 3350 pro

526 3382 696 3434 certo
764 3370 922 3431 sumi
989 3376 1228 3449 potest,
1305 3368 1660 3430 Promethei
1731 3367 2060 3448 imaginem
2129 3365 2456 3446 quandam>
2506 3367 2774 3449 ligneam

526 3473 1014 3544 oculiseorum,
1060 3472 1165 3551 qui
1208 3471 1599 3552 spectabant,
1644 3468 2228 3551 subjectamfuisse.
2313 3467 2772 3550 Quamimagi-

523 3593 693 3646 nem,
738 3571 789 3632 si
832 3578 1047 3634 nostra
1089 3572 1393 3634 sententia
1436 3568 1963 3650 probata-fuerit,
1993 3567 2204 3631 licebit
2234 3568 2772 3648 ita-comparatam

524 3671 714 3742 fuisse
756 3681 1059 3747 statuere,
1117 3682 1184 3735 ut
1226 3675 1361 3735 sola
1404 3675 1685 3735 anterior.
1716 3691 1865 3753 pars
1910 3670 2392 3733 exhibita-esset
2434 3676 2497 3730 et
2537 3669 2619 3745 is,-
2670 3674 2773 3751 qui

520 3772 961 3842 Prometheum
1003 3774 1260 3855 agebat,
1302 3794 1430 3837 non
1474 3775 1537 3835 in
1562 3792 1688 3848 ,ea-,-
1739 3773 1852 3835 sed
1894 3791 2059 3853 pone
2105 3771 2354 3833 eam-in
2392 3771 2583 3832 hiatu·
2607 3772 2773 3851 rupis

522 3882 906 3952 vpersaretur3
968 3895 1129 3956 quae
1185 3879 1343 3941 ratio
1402 3879 1500 3940 vel
1555 3897 1670 3960 per
1724 3896 1807 3938 se.
1848 3877 2193 3959 plurimum-
2231 3875 2454 3951 hahet,
2503 3893 2648 3953 -quo
2705 3892 2772 3933 se

526 3976 931 4039 commendet.
962 4010 1044 4026 --
1111 4016 1113 4018 ψ
