3022 4934
1399 286 1811 348 ..22-

467 481 686 541 posse:
731 455 943 536 ἄκραν
983 449 1220 534 ὀσφῦν,
1266 460 1330 514 et
1362 459 1570 515 tamen
1608 453 1900 532 scriptum
1940 452 2130 515 fuisse
2173 474 2439 532 ,ιιακραν
2481 447 2722 530 dormit,
2799 446 2802 448 ’

467 563 570 642 ajo
611 567 798 637 atque
832 554 1142 616 contendo
1177 552 1463 614 codicum
1498 554 1863 615 auctoritate
1895 554 2092 614 nixus.
2177 552 2421 633 Quippe
2459 557 2722 630 utraque

466 660 694 720 locutio
738 661 863 720 hoc
903 661 1046 719 loco
1092 656 1361 717 eundem
1402 675 1661 737 prorsus
1703 674 1951 716 sensum
1995 655 2212 716 fundit.
2296 653 2538 714 Etenim
2571 651 2725 731 quia

467 757 548 817 de
592 759 781 819 sacris
827 766 889 819 et
932 758 1013 818 de
1058 757 1408 837 aruspicina
1450 774 1659 817 sermo
1707 762 1801 815 est
1841 761 1904 815 et
1946 757 2089 833 quia
2120 758 2296 835 juxta
2333 769 2723 816 commemo-

466 864 678 917 rantur
716 879 913 921 coxae
956 870 1018 922 et
1055 861 1247 921 lumbi
1282 866 1344 919 et
1383 878 1564 919 crura
1595 895 1681 905 —
1715 859 1874 919 haec
1915 858 2079 918 enim
2112 856 2531 938 significantur
2572 875 2724 917 voce

467 961 671 1031 κῶλα,
697 991 784 1002 ——-
825 962 1154 1039 probabile
1200 970 1324 1035 est,
1381 962 1485 1033 iis,
1544 961 1622 1017 de
1669 962 1890 1037 quibus
1933 961 2273 1038 loquimur,
2332 957 2537 1016 verbis
2581 955 2725 1037 spi-

466 1078 625 1118 raam
682 1078 946 1120 sacram
1004 1069 1068 1122 et
1121 1079 1352 1123 carnes
1406 1058 1773 1144 adjacentes
1827 1057 2029 1119 simul
2082 1078 2232 1119 cum
2285 1054 2498 1119 cauda
2543 1073 2723 1115 com-

469 1161 827 1223 memorari.
924 1162 1127 1241 Atque
1170 1163 1293 1223 hae
1337 1181 1440 1222 res
1485 1160 1632 1240 quin
1675 1161 1754 1221 ab
1799 1160 1924 1223 hoc
1967 1160 2217 1241 quidem
2259 1161 2561 1239 scriptore
2603 1155 2729 1216 hoc

467 1263 607 1322 loco
654 1280 856 1342 aeque
901 1263 1065 1321 bene
1108 1258 1337 1343 μακροὶ
1383 1255 1587 1340 ὀσφῦς
1630 1265 1930 1341 appellari
1972 1264 2287 1341 potuerint
2328 1268 2512 1340 atque
2555 1254 2722 1376 ἄκρα

465 1353 707 1443 ὀσφῦς,
756 1361 890 1441 jam
934 1378 1121 1420 nemo
1168 1378 1353 1433 unuS,
1413 1360 1668 1439 opinor,
1724 1361 2047 1422 dubitabit.
2078 1395 2164 1407 -

1511 1669 1671 1747 IX.

1033 1812 1406 1889 ›Emendatur
1453 1813 1547 1862 Vs.
1589 1811 1689 1860 509
1744 1818 1796 1859 et
1850 1812 1945 1881 Vs.
1992 1811 2113 1859 510.

696 1950 803 2018 Οὐ
852 1955 1070 2020 ταῦτα
1127 1951 1345 2040 ταύτῃ
1393 1951 1590 2037 μοῖρά
1648 1978 1750 2019 πω
1798 1949 2186 2033 τελεσφόρος

690 2054 928 2132 κρᾶναι
985 2055 1347 2135 πέπρωται.

463 2167 685 2225 Sermo
733 2175 828 2228 est
870 2169 949 2228 de
994 2170 1302 2231 solutione
1347 2170 1702 2230 Promethei
1755 2178 1817 2230 et
1859 2169 1939 2228 de
1988 2169 2293 2248 potentia,
2357 2186 2517 2246 quae
2563 2168 2620 2227 ei
2661 2169 2724 2228 in

460 2273 782 2343 posterum
824 2266 1029 2326 futura
1072 2269 1168 2328 sit.
1267 2271 1440 2329 Haec
1481 2269 1706 2342 verba,
1771 2285 1932 2346 quae
1976 2268 2063 2327 sic
2106 2274 2455 2327 constructa
2499 2267 2725 2325 nemini

462 2365 792 2424 offensioni
836 2367 1027 2426 fuisse
1072 2369 1190 2427 nisi
1224 2369 1639 2441 Schneidero,
1684 2369 1842 2428 mira
1885 2385 2036 2427 sane
2080 2388 2182 2428 res
2229 2376 2350 2441 est,
2395 2370 2480 2427 ita
2520 2368 2721 2426 inter—-

458 2473 736 2543 pretatus
795 2472 888 2524 est
944 2466 1337 2527 Schuetzius:
1404 2465 1599 2529 «Non
1642 2486 1808 2528 sane
1850 2464 2013 2527 haec
2054 2465 2149 2527 ita
2193 2465 2479 2527 Pan-cam
2520 2466 2727 2551 perfi-

461 2584 604 2625 cere
656 2564 1086 2626 constitutum
1140 2585 1195 2627 s.
1231 2565 1391 2648 fato
1444 2565 1775 2629 decretum
1826 2575 1951 2642 est,
2014 2575 2081 2628 ut
2122 2568 2532 2630 nominativus
2585 2586 2722 2628 cum

460 2662 760 2725 infinitivo
801 2665 1094 2727 et'verbo
1138 2665 1390 2743 passivo
1439 2672 1823 2728 constructus
1869 2666 2199 2728 accusativi
2244 2685 2380 2728 cum
2423 2664 2722 2728 infinitivo

467 2767 662 2827 vicem
721 2767 1047 2846 expleat;»
1119 2767 1510 2827 Bellmannus
1569 2776 1777 2827 autem
1834 2769 1922 2829 sic
1984 2770 2147 2848 cepit
2201 2791 2262 2848 p.
2300 2769 2416 2829 31:
2491 2764 2724 2832 «οὔπω

468 2869 691 2947 ΛἌοῖρα
749 2870 1088 2949 πέπρωται
1146 2862 1538 2950 τελεσφόρος
1595 2889 1682 2928 =
1736 2867 2034 2929 nondum
2089 2868 2310 2929 Parca
2369 2869 2723 2930 constituta

464 2972 564 3023 est
611 2972 932 3054 tanquam
975 2964 1064 3026 ad
1082 2964 1299 3049 finem
1333 2964 1730 3048 perducens·
1784 2974 1852 3028 ut
1892 2966 2000 3027 inf.
2046 2969 2282 3046 κρᾶναι
2328 2967 2409 3027 ad
2452 2969 2725 3028 dilatan—

464 3064 608 3122 dam
652 3065 732 3123 sit
775 3065 896 3126 τοῦ
942 3064 1327 3146 τελεσφόρος
1368 3068 1796 3126 notionem:
1713 3088 1993 3158 ...quae
2032 3067 2128 3127 sic
2169 3065 2332 3128 haec
2367 3066 2681 3150 perficiat.
2692 3094 2720 3126 »

465 3165 887 3224 Schneiderus
959 3173 1176 3224 contra
1244 3174 1391 3244 post
1457 3164 1846 3247 τελεσφόρος
1916 3169 2160 3246 gravius
2226 3168 2604 3246 interpunxit
2665 3179 2729 3230 et

463 3266 738 3343 priorem
782 3267 1116 3326 verborum
1161 3275 1405 3346 partem
1447 3267 1534 3327 ita
1580 3266 1938 3347 explicavit:
2005 3266 2212 3326 «noch
2253 3266 2334 3326 ist
2375 3267 2578 3327 dieses
2623 3271 2735 3328 auf

461 3366 637 3426 diese
683 3366 900 3426 Weise
955 3366 1065 3426 das
1113 3366 1430 3429 Schicksal
1484 3367 1654 3427 nicht
1706 3365 2129 3438 vollziehend,
2190 3366 2249 3425 d.
2285 3366 2324 3426 i.
2369 3364 2534 3425 noch
2580 3366 2730 3426 liisst

462 3466 664 3524 meine
694 3467 1032 3546 Befreiung
1063 3468 1259 3528 durch
1290 3469 1611 3528 Versuche
1643 3489 1769 3529 von
1803 3469 2043 3527 meiner
2072 3468 2238 3527 Seite
2271 3467 2382 3525 das
2414 3465 2729 3526 Schicksal

462 3568 630 3627 nicht
682 3570 1037 3651 gelingen,»
1105 3572 1362 3631 alteram
1405 3572 1525 3633 ita:
1594 3571 1739 3630 «die
1782 3569 2115 3651 Besreiung
2164 3588 2238 3628 zu
2289 3566 2609 3630 bewirken
2651 3567 2731 3628 ist

463 3688 605 3728 vom
652 3669 967 3730 Schicksal
1021 3672 1389 3732 bestimmt.»
1500 3673 1625 3732 Sed
1667 3672 1865 3733 verba
1918 3678 2208 3750 corrupta
2260 3687 2429 3741 esse,
2490 3669 2606 3729 nisi
2651 3687 2728 3730 ex

461 3769 608 3846 ipsis
652 3770 801 3827 satis
849 3770 1153 3843 eluceret,
1207 3772 1436 3832 veteris
1481 3773 1702 3832 scholii
1746 3773 2091 3832 accuratior
2136 3770 2554 3831 consideratio
2599 3771 2726 3830 do-

462 3888 604 3931 cere
650 3878 897 3949 posset;
959 3872 1129 3948 quod
1173 3874 1277 3952 qui
1322 3876 1698 3954 composuit,
1758 3894 1899 3934 eum
1941 3873 2126 3953 plane
2171 3872 2339 3932 aliud
2384 3871 2531 3951 quid
2572 3890 2725 3950 prae

464 3972 656 4033 oculis
723 3970 1053 4046 habuisse,
1131 3974 1267 4035 luce
1335 3975 1557 4035 clarius
1625 3983 1736 4036 est.
1847 3976 2000 4036 Sunt
2062 3982 2267 4034 autem
2335 3972 2468 4052 ejus
2532 3973 2727 4033 verba

467 4070 735 4133 haecce:
781 4067 862 4136 οὐ
904 4076 1119 4140 ταῦτα
1167 4071 1382 4148 οὕτως
1428 4074 1801 4158 πέπρωται,
1851 4082 1962 4142 ἵνα
2006 4070 2047 4158 ἦ
2092 4065 2480 4155 τελεσφόρος
2520 4085 2722 4157 μοῖρα

465 4169 706 4257 ταχέως
758 4166 834 4239 τό
887 4170 1028 4240 κατ’
1077 4180 1194 4256 ἐμὲ
1247 4177 1462 4264 κράνη
1505 4179 1611 4243 καὶ
1656 4176 1982 4263 πληρώσῃ.
2083 4177 2385 4257 Apparet,
2442 4174 2722 4268 primum,

462 4271 856 4333 scholiastam
916 4294 1043 4335 non
1097 4276 1320 4357 legisse
1377 4278 1740 4360 particulam
1796 4305 1930 4357 mu,
1988 4279 2241 4353 deinde,
2305 4277 2529 4360 legisse
2582 4298 2716 4341 eum
