3022 4934
1398 304 1815 363 -10-

481 492 579 535 sas
623 471 704 532 ab
749 469 882 531 aliis
925 466 1059 528 illas
1110 466 1242 548 jam
1295 466 1604 546 prolataS,
1665 484 1744 528 ne
1788 466 2013 529 multus
2057 466 2200 541 sim,
2261 472 2469 535 taceo,
2529 478 2723 541 prae—

481 571 691 633 sertim
736 589 921 650 quum
963 567 1137 629 solae
1180 585 1298 649 per
1339 586 1409 628 se
1462 587 1591 631 non
1644 568 1910 629 idoneae
1966 569 2086 630 sint
2138 568 2230 630 rei
2286 561 2725 628 conficiendae.

480 674 575 733 Ab
622 673 815 732 altera
858 658 1013 731 vero
1057 676 1234 749 parte
1280 669 1468 729 etiam
1509 668 1582 730 iis
1626 667 2000 750 argumentis
2043 666 2402 730 refutandis*
2426 677 2725 745 superse-

482 773 632 831 dere
690 771 864 844 licet,
924 771 1147 849 quihus
1195 768 1588 829 Bellmannus
1633 786 1814 842 eam,
1852 785 2039 847 quam
2077 785 2204 828 -nos
2257 773 2518 837 tuemur,
2564 770 2725 822 'sen--

478 872 731 933 tentiam
785 869 1164 951 impugnavit
1217 890 1277 948 p.
1307 867 1394 929 24.
1433 874 1496 929 et
1539 866 1651 940 25,
1712 886 1899 946 quum
1941 859 2120 927 nimis
2165 864 2442 945 quaesita
2484 881 2623 922 esse
2668 869 2728 920 et

475 968 722 1031 infirma
764 970 953 1031 cuivis
997 971 1102 1030 uni
1145 969 1245 1030 vel
1279 988 1404 1028 non
1438 968 1674 1028 monito
1711 967 1967 1028 eluceat.
1996 1015 2000 1018 .
2053 967 2254 1029 Unum⁴
2281 971 2516 1035 tamen,
2560 962 2727 1040 quod

477 1091 538 1151 p.
574 1070 657 1131 26
714 1070 968 1151 protulit
1023 1070 1119 1131 vir
1179 1070 1431 1141 doctuS,
1508 1067 1727 1130 saltem
1786 1067 1984 1129 verbo
2045 1066 2355 1146 attingam.
2468 1060 2730 1122 Dubitat

480 1172 643 1229 enim
703 1185 821 1229 «an
863 1161 1265 1250 κασιγνήτου
1315 1167 1552 1244 absque
1607 1167 1731 1232 τοῦ
1783 1166 1884 1227 vel
1935 1165 2058 1231 006
2087 1165 2172 1225 in
2215 1162 2451 1225 Oceani
2494 1178 2608 1222 ore
2647 1158 2727 1218 de
2774 1193 2779 1198 -

475 1266 830 1329 Promethei
902 1266 1094 1327 fratre
1166 1283 1307 1327 nou
1367 1264 1577 1347 possit
1638 1264 1951 1346 intelligi.»
2073 1265 2202 1327 Nec
2269 1274 2438 1327 sane?
2487 1260 2729 1343 injuria.

475 1367 700 1432 Nescio
755 1365 1185 1428 memineritne
1256 1365 1352 1428 vir
1405 1366 1624 1429 doctus
1695 1365 2032 1428 verborum
2109 1385 2147 1426 a
2199 1365 2606 1427 Prometheo
2649 1363 2728 1425 ad

475 1455 850 1531 Mercurium
892 1467 1296 1543 directorum,
1342 1486 1502 1548 quae
1546 1467 1661 1529 sub
1703 1465 1896 1529 finem
1935 1466 2120 1549 hujus
2157 1464 2406 1527 fabulae
2442 1465 2731 1548 leguntur

479 1573 585 1632 Vs.
629 1571 756 1633 970
799 1589 928 1649 sq.:
2487 1593 2490 1596 ⁴

697 1682 992 1751 κρεῖσσον
1030 1665 1164 1754 γάρ
1202 1670 1396 1752 οἶμαι
1437 1670 1597 1756 τῇδε
1641 1664 1991 1754 λατρεύειν
2033 1669 2242 1753 πέτρᾳ

699 1759 744 1849 ἢ
783 1766 989 1849 πατρὶ
1036 1768 1246 1848 φῦναι
1287 1767 1462 1850 Ζηνὶ
1508 1761 1751 1834 πιστόν
1790 1765 2109 1851 ἄγγελον,

475 1884 602 1947 quo
654 1865 798 1927 loco
842 1866 1259 1928 Schneiderus
1302 1864 1503 1947 πατρὶ
1549 1866 1987 1947 interpretatur
2032 1873 2177 1928 «tuo
2209 1863 2408 1945 patri»
2445 1870 2730 1944 respectu

475 1987 693 2030 versus
736 1967 894 2040 949,
960 1966 1066 2027 ubi
1108 1965 1448 2029 Mercurius
1500 1966 1583 2027 ad
1623 1967 2064 2029 Prometheum
2120 1984 2453 2028 conversus
2509 1956 2733 2044 πατὴρ

477 2062 694 2150 ἄνωγέ
730 2061 812 2144 o',
864 2068 980 2142 ait,
1042 2063 1366 2142 οὕςτινας
1414 2081 1696 2150 κομπεῖς
1719 2102 1721 2104 -
1731 2063 1998 2151 γάμους
2037 2064 2260 2137 αὐδᾶν
2299 2074 2446 2142 etc.,
2502 2066 2730 2128 dictum

476 2167 829 2228 existimans
873 2168 1026 2229 illud
1066 2168 1456 2229 vocabulum.
1553 2167 1678 2228 Sed
1721 2168 1928 2240 falso,
1970 2167 2024 2228 si
2068 2166 2216 2246 quid
2256 2166 2442 2228 video
2454 2185 2471 2241 ;
2529 2164 2730 2244 signi-

474 2263 665 2333 ficant
718 2266 884 2328 enim
939 2255 1134 2330 verba
1190 2266 1395 2349 neco}
1447 2289 1519 2348 φ.
1559 2267 1648 2333 Ζ.
1690 2289 1768 2330 π.
1810 2265 1879 2332 ἄ.
1909 2275 2252 2360 -tanquam
2296 2265 2478 2350 patri
2528 2264 2728 2347 (meo)

474 2385 615 2429 esse
654 2363 819 2428 Jom·
835 2364 1061 2450 fidum
1106 2365 1455 2446 nuncium,
1498 2366 1563 2427 h.
1581 2385 1645 2426 .e.
1675 2363 1849 2428 idem
1891 2383 2030 2428 esse
2069 2366 2190 2459 qui
2230 2373 2330 2427 tu.
2414 2367 2554 2427 Hoc
2595 2366 2729 2426 sal-

474 2473 602 2527 tem
644 2464 1113 2528 concedendum
1156 2465 1276 2532 erit
1304 2464 1700 2541 Bellmanno,
1735 2466 1913 2527 *illam
1943 2464 2392 2546 interpretandi
2426 2466 2732 2527 rationem

476 2566 675 2625 minus
731 2565 977 2626 facilem
1033 2583 1173 2626 esse
1227 2565 1443 2626 altera.
1556 2566 1684 2628 Sed
1738 2586 1880 2628 non.
1920 2568 2261 2648 reputavit,
2325 2565 2733 2648 κασίγνητον

478 2682 681 2742 aeque
723 2665 889 2724 hene
932 2672 1117 2743 atque
1140 2663 1440 2745 fratrem
1479 2663 1827 2746 significare
1863 2686 2052 2747 posse
2065 2665 2320 2748 ,fi-atris
2351 2665 2452 2725 vel
2482 2664 2733 2734 sorotis

468 2762 709 2844 fllium.
745 2798 831 2810 —
928 2762 1051 2825 Cur
1103 2764 1297 2844 porro
1338 2802 1341 2805 >
1347 2765 1479 2846 jam
1533 2766 1995 2833 verbamw
2046 2764 2525 2849 ἐκραγήσονταί·
2569 2787 2734 2831 ποτε

477 2870 540 2924 et
591 2879 753 2941 quae
806 2869 1150 2940 sequuntur
1189 2863 1567 2924 Prometheo
1623 2864 1952 2925 tribuenda
2007 2882 2151 2925 esse·
2201 2882 2517 2939 censeam,
2540 2864 2735 2928 -2haee

479 2964 608 3024 duo
651 2978 755 3022 me
797 2966 1083 3033 movent3
1124 2961 1293 3037 prius
1334 2960 1489 3035 hoc,
1534 2963 1705 3040 quod
1746 2963 2097 3026 vaticinium
2137 2964 2570 3046 'primis-hujus
2611 2963 2732 3025 loci

481 3062 690 3124 verbis
734 3068 1091 3136 contentum
1132 3061 1329 3142 magis
1374 3069 1854 3125 consentaneum
1896 3074 1992 3126 est
2029 3082 2072 3124 a
2109 3066 2484 3128 Prometheo
2523 3066 2733 3128 datum

482 3171 783 3237 statuere,
828 3180 1015 3243 quam
1058 3163 1139 3224 ah
1186 3162 1472 3238 Oceano,
1526 3182 1649 3242 qua
1703 3164 1784 3225 de
1820 3172 1910 3225 ‘re
1965 3165 2129 3227 hene
2185 3164 2515 3244 disputavit
2559 3168 2732 3227 Bell-

483 3281 743 3325 mannus
794 3263 836 3326 l.
875 3283 926 3324 c.
969 3282 1032 3342 p.
1063 3261 1175 3337 24,
1235 3262 1496 3325 alterum
1536 3264 1691 3338 hoc,
1752 3265 1922 3346 quod
1972 3269 2399 3346 argumentum
2447 3284 2733 3327 versuum

481 3366 650 3438 370,
684 3365 842 3447 371,
885 3363 1013 3425 372
1067 3363 1192 3423 tale
1248 3371 1371 3438 est,
1433 3363 1602 3444 quod
1644 3385 1772 3427 non
1814 3364 2080 3445 quadret
2119 3365 2201 3425 ad
2244 3365 2480 3427 Oceani
2522 3366 2730 3425 consi-e

478 3466 627 3526 lium
661 3481 853 3546 supra
888 3459 1295 3544 significatum
1309 3509 1325 3538 ,
1370 3471 1588 3526 contra
1619 3466 1994 3528 Prometheo
2033 3465 2389 3547 exemplum·
2419 3463 2734 3546 Typhonis

480 3564 633 3625 nihil
673 3564 884 3626 valere
928 3562 1430 3625 demonstratur-0
1474 3565 1767 3644 appi-imis
1810 3565 2154 3627 conveniat.
2249 3564 2482 3625 Subest
2528 3572 2734 3627 autem

479 3665 596 3726 illis
630 3665 839 3726 verbis
871 3665 1033 3724 haec
1065 3664 1203 3724 fere
1234 3663 1567 3725 sententia:
1596 3671 1686 3726 ⁴ul
1716 3662 2019 3748 Typlwm‘>
2037 3682 2426 3756 quanquam
2434 3661 2737 3747 ,fidentiae

478 3762 672 3827 «Iovis
705 3763 783 3826 in
812 3759 1128 3826 carbones
1154 3760 1370 3825 soluto
1398 3760 1901 3856 talis-tantaque
1929 3762 2344 3828 &saeviendi
2367 3764 2468 3825 vis
2495 3782 2734 3825 mane-

483 3862 609 3939 bit,
656 3863 753 3926 sic
793 3863 995 3926 etiam
1038 3882 1189 3946 eqo,
1232 3882 1622 3954 quanquam
1661 3863 1925 3926 vinctus
1964 3872 2374 3954 vexatusque
2410 3861 2581 3925 Jove
2598 3861 2733 3947 {jaq-

484 3962 699 4037 bente,
744 3982 865 4024 nec
890 3960 1092 4044 plane
1122 3960 1215 4024 ad
1242 3960 1531 4025 nihilum
1561 3961 1839 4050 redigar,
1860 3972 1926 4027 et
1949 3962 2106 4026 Jom‘
2130 3982 2384 4046 semper
2401 3960 2734 4027 timendus

485 4082 615 4124 ero.
709 4061 991 4136 Accedit,
1037 4063 1236 4142 quod,
1280 4065 1334 4126 si
1375 4063 1540 4126 haec
1579 4072 1792 4143 nostra
1835 4064 2193 4145 conjectura
2222 4062 2489 4142 probata
2529 4062 2732 4137 suerit,

487 4181 613 4221 non
649 4164 780 4242 jam
822 4182 981 4243 opus
1026 4164 1142 4223 erit
1183 4171 1485 4239 statuere,
1529 4174 1673 4245 post
1716 4148 1974 4228 vs..37'2
2016 4181 2143 4225 non
2176 4162 2378 4224 dicam
2409 4162 2532 4224 tale
2568 4164 2731 4242 quid,

487 4262 670 4340 quale
704 4262 1002 4343 Reisigius
1037 4264 1320 4343 opinatus
1353 4274 1477 4341 est,
1520 4266 1633 4326 sed
1669 4265 1921 4339 omnino
1957 4264 2188 4344 aliquid
2220 4263 2625 4340 intercidisse,
2671 4276 2733 4327 et
