3022 4934
1200 287 1620 345 ...15—

276 455 791 534 qu0=·‘·posteriore
833 455 976 513 loco
1023 454 1207 521 etiam
1228 455 1331 513 ‹de
1375 453 1649 528 ratione,
1693 474 1817 535 qua
1861 456 2130 537 genuina
2172 457 2357 518 lectio
2403 458 2527 517 de-
2572 453 2582 460 ’

275 563 532 634 pravata
564 557 760 618 'fuerit
773 600 789 629 ,
851 557 1209 636 conjectura
1252 557 1527 617 affertur.
1607 572 1613 578 ·

397 694 399 697 ⁴
443 656 570 718 Sed
618 674 823 734 neque
873 656 1051 718 alteri
1101 658 1390 748 commati
1437 661 1568 739 jam
1622 662 1911 739 pristinus
1956 662 2122 721 nitor
2166 664 2521 725 estreddi-

273 765 388 817 tus.
474 758 632 818 Nam
673 757 855 837 quod
884 777 1103 821 vocem
1139 753 1358 847 βυθὸς
1400 780 1527 823 non
1571 770 1779 843 aptam
1823 782 1960 822 esse
1998 763 2298 844 judicavit
2338 771 2528 844 atque

269 857 616 936 repudiavit
658 859 1101 934 Schneiderus,
1158 863 1301 942 jure
1347 863 1522 938 feeit,
1583 864 1948 943 quodvero
2004 883 2123 943 pro
2177 884 2255 924 ea
2295 862 2521 948 βάθος

267 992 351 1003 -
382 976 542 1036 quae
585 958 728 1020 libri
761 960 1025 1021 Medicei
1059 961 1361 1040 scriptura
1394 963 1777 1042 perhibetur,
1823 984 2010 1042 quum
2046 971 2255 1024 tamen
2287 985 2517 1025 seeun-

267 1057 412 1117 dum
441 1059 835 1119 collationem
858 1060 1312 1140 Weigelianam
1344 1062 1658 1122 Mediceus
1690 1059 1922 1144 βάθῦς
1962 1064 2211 1137 habeat,
2245 1098 2328 1110 —-
2366 1084 2518 1125 ver-

264 1158 483 1220 borum
516 1162 578 1222 in
606 1160 895 1220 ordinem
927 1161 1187 1240 recepit,
1233 1161 1480 1247 minime
1513 1169 1607 1223 est
1636 1163 1997 1223 audienduS.
2084 1163 2270 1225 Unice
2303 1182 2520 1224 verum

265 1265 391 1332 est,
454 1262 624 1340 quod
665 1261 865 1347 ipsum
907 1263 971 1322 in
1015 1262 1228 1323 codiee
1272 1263 1744 1324 Robortelliano
1795 1264 2225 1342 reperiebatur
2269 1272 2332 1324 et
2373 1263 2516 1323 for-

264 1359 443 1422 tassis
487 1362 581 1424 'est
624 1361 808 1424 etiam
849 1362 913 1423 in
954 1362 1267 1438 Mediceo,
1330 1364 1701 1426 vocabulum
1741 1361 2015 1446 βαθύς.·
2086 1364 2331 1444 Quippe
2375 1352 2516 1425 sunt

262 1461 488 1535 verba,
559 1481 717 1543 quae
772 1464 908 1523 Vss,
951 1463 1108 1536 429,
1152 1463 1307 1535 430,
1353 1464 1472 1525 431
1534 1457 1849 1543 leguntur,
1920 1464 2008 1523 ita
2065 1464 2512 1524 construenda:

258 1563 391 1645 ,8σᾷ
422 1562 489 1625 δὲ
521 1563 797 1634 πόντιος
834 1562 1090 1626 κλύδων
1128 1567 1518 1643 {maumam
1552 1562 1672 1643 (vel
1703 1564 1909 1642 potius
1947 1564 2362 1647 ξυμπίτνων,
2403 1562 2514 1622 cfr.

256 1661 543 1722 Ellendtii
576 1662 724 1721 Lex.
752 1663 1046 1743 Sophocl.
1091 1664 1230 1754 Vol.
1252 1664 1333 1737 11,
1377 1684 1439 1745 p.
1460 1664 1611 1745 571)
1660 1666 1894 1740 στένει,
1934 1658 2172 1747 βαθΰς
2212 1659 2514 1735 κελαινὸς

257 1756 322 1826 δ’
358 1759 595 1836 ”Λὶ·δ”σς
636 1756 1012 1846 ὑποβρέμει
1066 1759 1283 1850 μυχὸς
1323 1766 1469 1847 γᾶς.
1561 1764 1827 1824 Dubium
1874 1770 1969 1823 est
2010 1771 2245 1835 autem,
2308 1770 2510 1822 utrum

256 1863 465 1924 στένει
509 1865 724 1923 tertius
770 1883 945 1923 casus
970 1865 1069 1923 *sit
1110 1866 1373 1924 nominis
1415 1866 1674 1938 στένος,
1717 1885 1842 1941 quo
1878 1865 2065 1923 etiam
2097 1862 2508 1922 Eumenidum

255 1962 359 2020 Vs.
393 1963 517 2022 495
561 1982 708 2027 usus
753 1969 849 2020 est
887 1963 1251 2041 hiepoeta,
1294 1960 1572 2040 pendens
1613 1961 1718 2020 ille
1765 1980 1843 2020 ex
1883 1960 2080 2020 verbo
2124 1960 2509 2041 ξυμπίτνων

256 2068 317 2123 et
345 2061 736 2134 id-indieans,
777 2079 905 2139 quo
935 2061 1530 2135 collisio2et'fieiatur,
1567 2079 1646 2121 an
1673 2063 1808 2144 βοᾷ
1840 2061 2055 2120 tertius
2086 2077 2263 2119 casus
2294 2057 2506 2119 nomi-

250 2161 344 2222 nis
382 2156 554 2241 βοὰ,
611 2182 748 2223 eum
791 2161 989 2221 verbo
1036 2160 1425 2242 ξυμπίτνων
1470 2161 1916 2222 construendus
1961 2168 2027 2222 et
2067 2159 2257 2221 modo
2301 2158 2504 2220 ratio-

251 2261 438 2340 nique
495 2259 936 2342 signifieandae
995 2261 1369 2321 inserviens,
1458 2262 1635 2325 Hanc
1687 2260 2104 2340 posteriorem
2158 2258 2502 2339 explicandi

248 2363 1073 2443 rationem-amplectebatur
1101 2363 1390 2423 Alhertus
1419 2362 1806 2435 Schusterus,
1837 2361 2150 2427 Celleusis,
2193 2361 2503 2422 societatis

248 2463 661 2543 philologicae
704 2461 965 2535 sodalis,
1024 2462 1161 2541 qui,
1219 2480 1398 2521 ame
1444 2461 1523 2522 de
1568 2461 1709 2523 loco
1754 2461 2033 2522 sanando
2077 2462 2379 2533 monituS,
2438 2460 2501 2518 in

249 2585 452 2625 meam
481 2566 649 2625 illam
677 2565 1178 2625 emendationem
1210 2570 1273 2622 et
1300 2564 1432 2642 ipse
1465 2561 1781 2622 inciderat.
1849 2562 2198 2621 Dorismum
2232 2578 2498 2638 regnare

247 2666 367 2726 hac
407 2665 471 2724 in
516 2665 755 2744 epodo,
813 2665 974 2724 male
1029 2665 1199 2725 illum
1251 2666 1314 2726 in
1368 2666 1640 2724 editione
1681 2664 2149 2725 Wellaueriana
2192 2662 2499 2722 oblitera-

248 2774 404 2838 tum,
464 2772 698 2825 certum
752 2773 862 2825 est.
966 2765 1117 2824 Cum
1159 2765 1475 2825 vocabulis
1520 2759 1757 2846 βαθύς
1809 2758 2109 2835 κελαινὸς
2154 2764 2330 2843 juxta
2371 2781 2499 2840 po-
2575 2758 2577 2761 ’

244 2865 373 2925 sitis
419 2863 904 2943 comparandum
946 2866 1194 2925 inverso
1241 2864 1459 2925 ordine
1503 2866 1910 2944 compositum
1956 2864 2324 2924 vocabulum
2365 2888 2496 2941 με-

244 2959 644 3050 λαμβαθὴς,
688 2986 812 3045 quo
859 2966 1135 3045 epitheto
1178 2966 1361 3045 hujus
1405 2966 1593 3043 ipsius
1638 2965 1884 3024 fabulae
1931 2966 2033 3022 Vs·
2069 2964 2192 3024 219
2238 2973 2493 3027 ornatur

257 3064 607 3148 Ταρτάρου
658 3065 998 3146 κευθμών.
1087 3065 1209 3125 Cfr.
1255 3066 1440 3125 etiam
1495 3065 1602 3124 Vs.
1641 3064 1842 3125 1031:
1904 3074 2267 3145 κνεφαῑα
2320 3060 2493 3148 ἀμφὶ

257 3161 608 3248 Ταρτάρου
665 3157 923 3248 βάθη.
966 3198 1045 3210 --

1267 3448 1456 3530 V11.

539 3605 601 3655 In
637 3605 906 3669 integ-rum
954 3604 1258 3656 restituitur
1302 3607 1487 3666 loeus,
1540 3604 1635 3674 qui
1680 3611 1760 3654 est
1802 3605 1895 3654 Vs·
1929 3604 2030 3654 470
2069 3622 2188 3673 sqq.

2354 3607 2384 3625 η

465 3754 840 3824 Πὲπονθας
892 3758 1070 3826 αἰκὲς
1129 3750 1321 3840 πῆμ’,
1384 3749 1794 3841 ἁπόσφαλεὶς
1854 3757 2130 3838 φρενῶν.

413 3886 415 3889 ’
466 3853 737 3936 Πλανᾷ,
773 3848 992 3934 ,κακὸς
1041 3849 1100 3919 δ’
1147 3850 1374 3939 ἰατρὸς
1423 3854 1508 3930 ὥς
1559 3882 1658 3929 τις
1708 3862 1773 3929 ἐς
1829 3854 2029 3920 νόσον

463 3946 681 4018 πεσών
737 3948 1041 4037 ἀθυμεῖς.

231 4092 331 4153 Sic
382 4091 486 4152 hic
536 4092 742 4167 loeuS,
805 4097 866 4155 in
911 4114 1034 4174 quo
1080 4096 1305 4181 πλανᾷ
1358 4099 1459 4157 vel
1505 4095 1764 4183 πλάνῃ,
1827 4116 1988 4175 quae
2034 4098 2250 4177 procul
2295 4095 2487 4154 dubio

231 4211 406 4254 mera
464 4198 769 4258 correctio
832 4207 957 4271 est,
1036 4199 1219 4279 vulgo
1291 4218 1429 4259 cum
1490 4197 1998 4261 antecedentibus
2058 4201 2263 4259 verbis
2328 4219 2490 4261 con-

232 4296 613 4371 struebatur,
670 4300 1006 4360 secundum
1050 4300 1147 4360 ed.
1180 4299 1313 4359 Ald.
1362 4309 1423 4360 et
1449 4301 1621 4360 -Rob.
1667 4320 1704 4361 a
1749 4301 2142 4374 Wellauero‚
2200 4301 2280 4363 de
2326 4321 2488 4363 con-
