3022 4934
1431 293 1848 354 ..84-

612 457 713 525 Τα“
733 452 1004 538 μέταλλ’
1036 449 1263 528 αὐτοῖς
1291 449 2075 541 μαντευομένοις-οὖτοι
2102 452 2373 521 δώσουσι
2402 451 2486 519 τοὶ
2522 457 2764 539 χρηστοὶ

595 550 797 627 wc'ce’
824 554 1152 638 ἐμπορίας
1186 547 1308 627 τοὶς
1337 553 1682 636 κερδαλέας
1720 551 1885 637 πρὸς
1912 550 2032 622 τὸν
2067 551 2324 638 μάντιν
2353 554 2768 636 κατεροῦσιν,

594 650 740 726 (3ςέ
780 646 1301 721 ἀπολεῖται-,τών
1344 652 1727 739 ναυκλήρων
1770 655 2012 729 οὐδείς.
2479 686 2483 688 -

510 758 633 819 Αιιι
676 775 793 838 ego
839 755 1069 833 fallor,
1123 764 1231 818 aut
1270 757 1604 835 scripserat
1643 756 1746 818 hic
1786 761 2041 835 poeta:

595 859 931 924 Πλουτεῖν
973 858 1043 923 δὲ
1086 855 1263 924 πόθι
1256 881 1309 921 ν
1350 856 1448 921 δω
1468 880 1604 922 σιν
1645 884 1685 923 α
1710 882 1750 924 ν
1791 851 2051 933 αὐτοῖςς

508 961 664 1033 Jam,
709 958 881 1038 quod
923 958 1006 1019 ad
1039 977 1330 1021 versuum
1373 957 1890 1019 distributionem
1916 957 2151 1031 attinet,
2194 975 2321 1018 non
2359 960 2458 1018 est
2485 953 2765 1028 dubium,

513 1058 662 1138 quin
702 1058 852 1121 inde
904 1077 946 1121 a
983 1061 1093 1122 Vs.
1122 1061 1244 1123 597
1290 1079 1420 1122 non
1463 1059 1694 1121 chorus
1739 1058 1920 1132 dicat,
1963 1057 2078 1119 sed
2122 1058 2409 1136 Upupa.·
2407 1056 2511 1116 In
2554 1054 2766 1135 priore

512 1177 737 1220 scevae
778 1165 958 1238 parte
998 1160 1135 1222 fieri
1178 1167 1388 1240 potest
1423 1161 1584 1221 haec
1628 1161 1849 1221 eadem
1874 1166 1944 1221 ut
1985 1177 2061 1220 ea
2093 1158 2284 1220 verba
2326 1156 2573 1231 fecerit,
2603 1173 2765 1235 quae

509 1266 655 1316 sunt
695 1260 801 1318 Vs.
839 1260 1002 1331 5533
1058 1260 1206 1318 item
1248 1260 1520 1318 veri-est
1577 1259 1807 1330 simile,
1838 1258 2122 1335 ·Upupae
2167 1274 2304 1316 esse
2364 1255 2765 1317 ¹tribuendam

506 1357 766 1419 alteram
802 1361 1045 1435 partem
1076 1374 1288 1419 versus
1333 1357 1477 1433 592,
1522 1357 1772 1436 dequo
1801 1356 2196 1436 statimpost
2235 1356 2452 1434 paullo
2498 1374 2765 1418 accura-

506 1459 627 1520 tius
669 1458 890 1520 dicam.
976 1458 1227 1534 Cetera,
1269 1458 1455 1539 igitur
1496 1461 1603 1520 Vs.
1644 1460 1760 1519 571
1808 1478 1931 1537 sq.,
1994 1455 2129 1530 vel,
2184 1457 2238 1517 si
2280 1475 2430 1518 vera
2475 1462 2571 1517 est
2608 1474 2763 1516 sen-

504 1559 702 1619 tentia
741 1560 1021 1639 Bergkii,
1084 1561 1165 1622 de
1209 1579 1331 1640 qua
1374 1560 1727 1639 nuperrime
1772 1558 2056 1639 exposuit
2094 1559 2251 1620 Mus·
2293 1558 2589 1619 Rhenan.;
2615 1558 2766 1618 fasc.

508 1660 567 1738 Ι..
602 1678 659 1720 a.
707 1661 872 1723 1842
917 1659 1062 1723 edit.
1106 1683 1168 1742 p.
1212 1662 1314 1737 92,
1355 1663 1470 1724 Vs.
1495 1661 1620 1724 577
1667 1667 1729 1721 et
1769 1678 1893 1721 una
1935 1677 2083 1739 pars
2126 1678 2343 1720 versus
2386 1660 2531 1733 578,
2576 1658 2765 1736 eqni-

507 1759 651 1820 dem
706 1759 904 1822 choro
961 1780 1101 1822 esse
1166 1762 1579 1822 adscribenda
1634 1780 1885 1821 censeo.
1970 1762 2274 1838 Upupam.
2309 1759 2472 1832 enim
2535 1758 2676 1818 hac
2700 1758 2765 1818 in
2816 1775 2821 1778 ·

508 1877 728 1933 scena,
773 1881 958 1940 quum
1004 1862 1082 1921 de
1126 1862 1343 1922 avibus
1403 1862 1469 1920 in
1523 1861 1874 1922 universum
1935 1858 2039 1921 vel
2091 1858 2190 1918 de.
2216 1858 2416 1920 choro
2472 1857 2764 1936 loquitur,

508 1959 711 2036 prima
755 1961 844 2021 uti
886 1979 1195 2039 persona,
1247 1961 1411 2040 jam,
1456 1960 1795 2021 secundum
1837 1978 1950 2035 ea,
1995 1977 2155 2037 quae
2198 1957 2640 2037 disputavimus
2687 1959 2766 2017 de

508 2058 614 2115 Vs,
653 2061 798 2133 597,
862 2059 1047 2118 etiam
1106 2058 1307 2118 minus
1374 2058 1674 2118 credibile
1736 2066 1847 2119 est.
1951 2059 2186 2134 Porro,
2251 2075 2331 2117 nc
2389 2058 2523 2137 quis
2581 2058 2765 2119 nobis

509 2158 805 2240 objiciat,
848 2157 1215 2238 Euelpidem
1256 2163 1463 2219 tamen
1522 2158 1624 2217 Vs.
1669 2158 1823 2221 598:

675 2261 926 2340 γαῦλον
969 2258 1225 2339 κτῶμαι
1291 2258 1399 2323 καὶ
1438 2257 1813 2338 ναυκληρῶ,
1879 2247 2041 2322 κούκ
2092 2251 2180 2321 ἄν
2224 2257 2529 2339 μείναιμι
2591 2253 2767 2342 παρ’

1574 2406 1579 2409 -
2284 2370 2513 2438 υμῖν,

504 2460 593 2521 ita
635 2457 1078 2534 sermocinari,
1141 2465 1211 2519 ut
1263 2457 1547 2539 Upupam
1607 2462 1670 2517 et
1727 2456 1990 2517 chorum
2047 2458 2110 2518 in
2168 2477 2355 2520 unum
2411 2461 2766 2543 conjungat,

504 2578 734 2622 moneo
760 2609 775 2637 ,
836 2560 994 2622 illud
1054 2552 1225 2639 ὑμῖν
1269 2561 1502 2640 optime
1548 2559 1630 2621 ad
1689 2560 1971 2639 Upupam
2038 2566 2101 2622 et
2137 2560 2613 2623 -Pisthetaerum
2655 2581 2766 2623 re-

507 2660 657 2719 ferri
699 2680 913 2738 posse,
959 2665 1022 2719 et
1061 2661 1180 2719 Vs·c
1206 2660 1361 2721 610:

682 2762 870 2842 αἰβοῖ
880 2806 901 2835 ,
989 2753 1076 2830 ὥς
1152 2760 1372 2845 πολλῷ
1451 2758 1793 2843 κρείττους
1866 2750 2097 2842 οὗτοι
2187 2760 2311 2825 τοῦ
2389 2756 2542 2834 Διὸς
2603 2756 2771 2843 ἡμῖν

2113 2853 2519 2940 βασιλεύειν,

502 2957 874 3037 Euelpidem
918 2957 1096 3020 solas
1148 2958 1357 3022 dicere
1400 2960 1599 3022 videri
1671 2979 1852 3033 aves,
1919 2979 1997 3020 ex
2058 2961 2280 3039 quibus
2325 2961 2553 3021 chorus
2611 2978 2773 3019 con-

507 3065 649 3132 stat,
694 3065 762 3117 ut
800 3060 1082 3137 Upupam
1122 3058 1224 3117 his
1266 3078 1395 3119 non
1435 3060 1806 3133 immisceat,
1850 3077 2051 3138 aeque
2093 3066 2279 3139 atque
2320 3059 2771 3121 Pisthetaerum

510 3157 727 3220 facere
788 3155 1161 3216 monuimus.
1246 3158 1529 3236 Denique
1586 3158 1804 3235 quovis
1866 3158 2129 3234 pignore
2175 3159 2620 3234 contenderim,
2665 3161 2772 3220 Vs·

508 3256 628 3318 591
655 3303 671 3331 ,
743 3255 983 3317 etiamsi
1026 3255 1080 3316 is
1125 3274 1254 3317 non
1311 3256 1390 3317 sit
1430 3257 1515 3318 ad
1571 3261 1863 3335 quattuor
1906 3256 2180 3317 diversas
2210 3274 2531 3334 ¹personas
2573 3278 2769 3337 prae-—

508 3363 713 3419 sentes
774 3355 1077 3431 directuS,
1143 3357 1425 3434 Upupam
1483 3374 1615 3417 non
1676 3373 1868 3435 posse
1932 3354 2536 3436 esse<ssappeilatam3
2600 3358 2770 3438 atqui

511 3456 666 3514 mire
713 3464 882 3516 esset
922 3456 1031 3516 ille
1095 3476 1312 3518 versus
1357 3457 1564 3518 subito
1611 3459 1695 3519 ad
1738 3458 1997 3518 chorum
2047 3457 2349 3532 directus,
2422 3457 2476 3517 si
2519 3457 2768 3518 Pisthe-

513 3564 717 3617 taerus
751 3564 811 3618 et
842 3563 986 3617 ante
1015 3563 1079 3617 et
1112 3564 1259 3637 post
1286 3576 1642 3618 sermonem
1678 3559 2004 3618 habuisset
2037 3577 2177 3618 cum
2218 3559 2457 3637 Upupa.
2524 3558 2768 3631 Quam-

512 3675 700 3735 quam
741 3677 870 3718 non
914 3677 1075 3738 nego
1117 3665 1265 3740 post
1305 3659 1508 3738 ipsum
1549 3658 1724 3717 illum
1767 3658 1976 3719 locum
2029 3677 2222 3738 posse
2275 3675 2629 3719 sermonem
2686 3658 2766 3719 ab

509 3759 730 3837 Upupa
790 3764 1143 3835 susceptum
1200 3777 1369 3834 esse,
1431 3757 1624 3819 modo
1682 3763 2019 3832 statuatur,
2075 3765 2276 3822 antea
2321 3759 2583 3822 chorum
2625 3776 2766 3820 ser·-

509 3859 886 3919 mocinatum
921 3875 1091 3932 esse3
1128 3858 1276 3936 quin
1305 3878 1555 3934 censeo,
1592 3865 1659 3920 ut
1676 3858 1806 3941 jam
1833 3857 2193 3940 significavi,
2232 3861 2490 3922 alteram
2519 3860 2623 3920 Vs·
2641 3861 2764 3923 592

510 3966 750 4039 partem
772 3958 1166 4038 probabilius
1190 3960 1484 4020 tributum
1516 3960 1591 4020 iri
1613 3961 1870 4041 Upupae
1905 3979 2090 4040 quam
2116 3961 2333 4024 choro.
2378 3962 2580 4034 Quum
2604 3963 2767 4024 enim

513 4066 748 4119 certum
792 4059 901 4136 sit,
966 4062 1248 4141 Upupam
1293 4060 1502 4124 dicere
1543 4060 1689 4124 inde
1745 4079 1783 4122 a
1826 4063 1931 4124 Vs.
1972 4062 2130 4137 597,
2186 4080 2315 4121 non
2358 4063 2767 4144 potesttbene

515 4156 687 4230 fieri,
748 4167 815 4221 ut
878 4179 954 4222 ea
1010 4180 1136 4222 non
1176 4164 1308 4244 jam
1368 4183 1445 4226 eo
1491 4164 1638 4224 loco
1696 4163 1907 4224 dicere
1960 4161 2304 4242 inceperit,¹
2331 4181 2455 4241 quo
2501 4163 2762 4242 primum

519 4256 719 4336 agitur
776 4259 852 4317 de
908 4280 984 4321 ea
1036 4279 1132 4336 re,
1193 4263 1273 4323 ad
1333 4282 1519 4343 quam
1585 4262 2104 4343 interrogationes
2148 4262 2406 4340 Upupae
2463 4267 2761 4340 spectant,
