3022 4934
1138 321 1558 378 ...7.-

1011 482 1674 550 ΠΡΟΜΗΘΕΥΣ.

410 576 631 649 Οὐκ
650 545 819 656 α’λλο
866 571 927 662 γ’
980 576 1182 647 οὐδὲν
1221 572 1431 663 πλῆν
1442 576 1629 644 ὅταν
1679 580 1867 663 κείνῳ
1922 580 2105 665 δοκῇ.

287 750 292 754 «
401 711 739 772 Particulae
762 734 838 795 γε
863 697 1168 773 rationem
1196 711 1463 772 reddere
1488 712 1717 773 studuit
1734 713 2127 793 Hartungus
2108 732 2170 772 m
2196 712 2477 775 doctrina

231 813 692 894 particularum,
749 815 817 874 T.
847 813 893 872 1.
946 833 1006 893 p.
1034 813 1179 876 392.
1282 813 1409 874 Sed
1452 814 1594 877 vide
1639 832 1719 876 an
1762 812 2151 887 scribendum
2193 815 2303 873 sit:
2358 807 2476 881 οὐκ

235 910 500 978 ἄλλοτ’
554 910 751 979 ου’δὲν
806 918 920 974 etc.
955 945 1037 957 —

1217 1282 1220 1285 Α
1274 1217 1427 1302 lv.

1088 1346 1320 1409 sanatur
1358 1357 1457 1409 Vs.
1488 1354 1631 1440 2655·

450 1477 834 1564 Ἐλαφρόν,
888 1475 1097 1552 ὅστις
1125 1474 1457 1564 πημάτων
1501 1485 1623 1557 ἔξω
1670 1474 1847 1545 πόδα

454 1584 619 1666 ἔχει,
681 1592 1034 1663 παραινειν
1083 1587 1435 1674 νουθετεῖν
1485 1604 1558 1645 τε
1607 1603 1773 1654 τους
1825 1579 2033 1651 κακῶς

451 1677 889 1763 πράσσοντας
971 1676 1090 1766 ἐγώ
1142 1680 1212 1748 δὲ
1246 1677 1465 1753 ταῦθ’
1507 1675 1757 1746 ἅπαντ’
1799 1671 2213 1771 η’πιστάμην.

396 1819 696 1880 Postremi
741 1839 951 1894 versus
993 1819 1331 1897 secundum
1368 1819 1623 1898 pedem
1643 1839 1834 1895 quum
1872 1820 1939 1877 in
1979 1819 2209 1880 mendo
2248 1819 2475 1878 cubare

228 1924 397 1986 recte
452 1924 824 1991 statuerent,
860 1984 866 1992 ,
900 1905 1102 1999 vario³
1132 1916 1323 1978 modo
1347 1932 1602 1988 „sanare
1662 1916 1867 1977 conati
1925 1915 2094 1976 sunt
2120 1918 2234 1980 viri
2293 1917 2478 1980 docti.

228 2020 395 2081 Inter
435 2036 593 2099 quos
623 2018 845 2079 eximia
885 2008 1076 2098 laude·v
1105 2014 1358 2099 dignum
1391 2015 1605 2097 judico
1622 2013 1924 2077 -Carolum
1955 2017 2308 2099 Reisiginm,
2352 2038 2479 2080 non

231 2119 399 2199 quod
439 2137 653 2181 veram
706 2119 906 2197 ipsum
958 2118 1081 2196 loci
1123 2117 1471 2194 ‘admodum
1500 2116 1718 2190 »vexati
1772 2116 2268 2190 emendationem
2321 2138 2478 2199 rep-

227 2220 464 2299 perisse
508 2234 839 2300 censeam,>
868 2217 985 2287 sed
1028 2217 1174 2297 qnia
1214 2217 1378 2289 viam
1420 2224 1797 2292 monstrasse
1838 2216 1989 2276 mihi
2030 2216 2303 2292 videtur,
2356 2237 2480 2298 qua

229 2321 363 2399 quis
408 2319 490 2380 ad
531 2336 744 2381 veram
796 2319 919 2380 loci
961 2318 1327 2399 scripturam
1359 2316 1818 2404 inveniendam
1868 2319 2199 2398 pervenire
2252 2318 2479 2399 possit;

229 2422 340 2485 cfr.
383 2425 714 2500 apparatus
759 2418 947 2480 critici
992 2425 1057 2481 et
1098 2420 1397 2500 exegetici
1438 2420 1503 2481 in
1544 2418 1834 2506 Aeschyli
1875 2419 2262 2499 tragoedias,
2305 2419 2477 2480 Halis

228 2524 539 2583 Saxonum
594 2538 651 2579 a.
698 2519 863 2580 1832
922 2518 1105 2596 editi,
1155 2503 1307 2581 *Volss
1335 2519 1383 2580 1.
1439 2540 1503 2599 p.
1536 2537 1677 2585 xxn.
1796 2518 1958 2578 *Eam
2010 2524 2219 2606 autem
2276 2518 2476 2599 ipsam

225 2624 388 2682 viam
432 2641 553 2702 ego
597 2629 661 2683 et
700 2622 833 2702 ipse
873 2622 1003 2702 jam
1044 2628 1376 2705 antequam
1430 2620 1581 2686 mihi
1630 2626 1783 2681 nota
1824 2625 1991 2680 esset
2029 2619 2282 2699 Reisigii
2324 2637 2480 2681 sen-

227 2722 418 2783 tentia
458 2720 927 2801 ingrediendam
970 2738 1109 2791 esse
1149 2719 1475 2794 videram,-
1518 2720 1583 2781 id
1627 2719 1799 2799 quod
1842 2719 1992 2781 ideo
2013 2737 2479 2793 commemoro,

228 2820 397 2900 quod
438 2821 563 2882 hoc
603 2826 818 2881 nostro
852 2836 1157 2889 consensu
1198 2807 1303 2880 rei·
1333 2819 1451 2898 ipsi
1494 2836 1719 2899 magna
1750 2817 2288 2883 verisimilitudinis
2320 2836 2477 2896 spe-

227 2922 352 2983 cies
396 2920 771 2982 conciliatur.
857 2919 1063 2982 Sensit
1081 2904 1305 2980 'autem
1335 2918 1669 2995 Reisigius,
1713 2924 1775 2976 et
1816 2917 1896 3000 de
1941 2915 2315 2993 glossemate
2359 2937 2477 2978 eo-

227 3021 541 3101 gitandum
582 3038 722 3081 esse
766 3025 828 3076 et
868 3033 1177 3095 personae
1220 3012 1734 3094 significationem
1776 3013 2142 3091 exspectari.
2227 3013 2485 3096 Scripsit

224 3121 439 3199 igitur:
1372 3186 1374 3188 ‚

267 3204 272 3208 ’
444 3214 897 3302 πράσσονταςὲ
934 3210 1212 3289 αὐτὸς
1258 3210 1466 3282 ταῦθ’
1506 3208 1776 3282 ἅπανθ’
1815 3210 2247 3300 ἠπιστάμην,
2335 3290 2338 3293 ,

226 3339 352 3382 non
410 3318 641 3399 requiri
698 3318 763 3379 in
820 3317 1180 3400 hujusmodi
1237 3319 1497 3386 transitu
1554 3316 1627 3383 δὲ
1682 3316 2022 3397 particulae
2081 3317 2478 3397 ligamentum

226 3420 593 3484 existimans.
677 3418 830 3479 Mihi
873 3424 1111 3480 contra
1121 3418 1469 3500 legendum
1510 3415 1785 3480 videtur.

446 3513 895 3600 πράσσοντας·
956 3512 1093 3582 ὅδε
1144 3516 1216 3583 δὲ
1253 3539 1329 3581 τ.
1369 3514 1435 3580 ά
1452 3506 1569 3600 ἦ.,

225 3637 384 3699 quae
446 3626 511 3680 et
567 3614 806 3678 facilior
865 3622 962 3677 est
1018 3615 1376 3683 emendatio
1429 3634 1634 3695 neque
1700 3614 1986 3694 profecto
2054 3614 2254 3675 minus
2315 3620 2479 3692 apta.

222 3720 438 3779 Elucet
479 3703 686 3777 autem
729 3732 913 3794 quam
956 3699 1138 3787 facile
1182 3716 1554 3785 vocabulum
1593 3710 1704 3781 ὅδε
1745 3715 1844 3795 sic
1876 3724 2237 3797 usurpatum
2275 3715 2477 3775 inter—

220 3816 551 3897 pretationi
593 3833 808 3876 ansam
850 3815 1002 3879 dare
1045 3816 1338 3895 potuerit.
1414 3815 1643 3877 Rarior
1676 3817 1841 3892 enim
1875 3825 1971 3878 est
2001 3818 2106 3877 hic
2140 3818 2271 3894 ejus
2310 3831 2476 3873 usus.

221 3922 299 3981 Et
339 3918 481 3981 fieri
522 3923 758 3995 potest,
817 3916 870 3976 is
911 3922 1007 3988 ut,
1062 3915 1591 3992 quemadmodum
1613 3916 1758 3980 hoc
1784 3916 1941 3980 ⁴loco
1997 3915 2209 3975 turbas
2253 3914 2475 3986 effecit,

221 4021 307 4083 ita
348 4019 510 4081 infra
552 4019 616 4079 in
660 4032 884 4085 caussa,
920 4015 1133 4089 fuerit,
1191 4022 1259 4079 ut
1276 4080 1281 4085 ,
1298 4017 1405 4077 Vs.
1440 4018 1599 4090 747:
1685 4048 1687 4050 ·

438 4108 548 4182 ’H
579 4114 710 4200 γάρ
753 4142 819 4183 τι
859 4109 1106 4184 λοιπὸν·
1141 4112 1298 4199 τῇδε
1341 4112 1673 4197 πημάτων
1714 4118 1920 4195 ἐρεῑςς

222 4214 461 4290 Choro,
522 4236 647 4278 non
684 4217 870 4290 -Joui,
913 4216 1409 4279 adscriberetur.
1509 4215 1691 4276 Certa
1739 4222 1949 4276 tamen
1990 4212 2274 4275 vocabuli
2319 4215 2478 4273 sub-

219 4317 480 4390 stantive
537 4319 626 4377 sic
686 4316 829 4378 dicti
886 4317 1173 4396 exempla
1228 4314 1394 4393 apud
1449 4314 1855 4398 Aeschylum.
1925 4312 2094 4390 quod
2148 4332 2269 4391 ego
2331 4314 2477 4390 qui-
