3022 4934
1406 300 1871 360 —114-

520 479 767 553 praeter
811 488 948 529 eam
1006 469 1165 529 arcis
1209 467 1483 549 partem,
1553 486 1711 549 quae
1769 466 2037 528 maxime
2092 465 2346 527 declivis
2404 473 2570 539 erat,
2641 466 2784 527 loca

522 575 586 632 in
629 571 821 651 plano
868 571 1158 652 proxime
1218 569 1496 652 subjecta
1541 566 2115 651 comprehenderet.
2205 568 2345 642 Quo
2389 565 2655 641 sactum,
2720 576 2787 629 ut

520 674 690 734 idem
729 671 1116 752 Pelasgicum
1171 671 1362 732 modo
1419 689 1631 733 murus
1676 670 1841 732 circa
1878 664 2222 749 Acropolin
2279 664 2561 739 ductus}
2591 665 2783 726 modo

525 771 918 852 Acropoleos
964 790 1129 851 pars,
1172 770 1363 832 modo
1409 770 1586 832 locus
1631 770 1710 831 ab
1755 769 2049 850 Acropoli
2094 767 2431 850 disjunctus
2477 774 2540 829 et
2568 767 2787 829 ,Acro-

525 871 659 952 poli
704 872 1020 953 subjectus
1063 871 1255 931 fuisse
1294 870 1617 932 diceretur.
1700 873 1755 933 A
1789 889 2016 939 novem
2046 870 2263 951 portiS,
2308 871 2532 951 quibus
2561 869 2787 929 utrim-

527 991 650 1052 que
692 970 972 1050 pervium
1018 978 1168 1043 erat,
1212 970 1641 1053 Enneapylum
1699 971 2075 1051 appellatum
2134 977 2289 1047 est».
2371 971 2597 1031 Nostro
2641 965 2788 1028 loco

527 1080 826 1151 tanquam
890 1078 1134 1152 partem
1195 1073 1353 1135 arcis
1415 1071 1612 1152 accipi
1671 1069 2081 1153 Pelasgicum‚
2144 1069 2431 1131 Muelleri
2474 1066 2791 1130 sententia

532 1176 660 1231 est:
726 1170 1211 1250 Aristophanem
1256 1173 1419 1232 enim
1479 1173 1595 1250 τῆς
1662 1167 1949 1245 πόλεως,
2018 1169 2061 1230 i.
2107 1188 2162 1231 e.
2221 1162 2660 1252 ἀκροπόλεως,
2706 1156 2791 1228 .τό

530 1265 946 1351 Πελαργικὸν
990 1272 1213 1330 dicere·
1242 1270 1436 1329 fuisse
1476 1268 1539 1327 in
1583 1262 1859 1348 rupibus
1903 1268 2013 1330 ἐπὶ
2057 1268 2336 1347 πετρῶν.
2412 1267 2609 1329 Aliter
2651 1272 2792 1327 sta-

530 1370 723 1429 tuisse
776 1369 1062 1430 videutur
1115 1367 1507 1442 scholiastes,
1584 1366 1693 1447 qui
1755 1364 1917 1429 haec
1975 1364 2297 1429 adnotavit
2359 1368 2443 1427 ad
2484 1369 2592 1428 Vs.
2630 1366 2789 1428 833:

522 1467 695 1535 ’Ὀτι
734 1462 1078 1554 Ἀθήνῃσι
1122 1465 1201 1535 τὸ
1259 1462 1678 1552 Πελαργικὸν
1731 1480 1938 1552 τεῖχος
1993 1461 2067 1534 tit
2122 1467 2208 1551 τῇ
2249 1455 2790 1549 dupondius-0²5

532 1569 880 1652 μέμνηται
929 1570 1406 1656 Καλλίμαχος,
1475 1566 1881 1652 »Τυρσηςιῶν
1949 1565 2259 1653 τείχισμα
2319 1560 2801 1652 flammantium

536 1677 597 1730 et
637 1670 774 1749 ipse
826 1671 988 1731 adeo
1023 1670 1324 1751 Didymus
1365 1686 1402 1730 a
1445 1666 1751 1729 Muellero
1786 1667 2147 1743 advocatus,
2193 1668 2367 1749 cujus
2395 1667 2564 1728 haec
2597 1668 2826 1730 verba·

532 1768 821 1848 leguntur
863 1768 946 1830 ad
1011 1770 1117 1832 Vs.
1185 1769 1310 1831 837
1370 1767 1711 1849 adscripta:
1775 1765 2070 1851 Δίδυμός
2123 1789 2281 1848 φησι
2335 1763 2412 1832 τό
2464 1767 2795 1849 Πελαργι-

534 1863 652 1935 κὸν
670 1881 881 1954 τεῖχος
900 1867 1007 1934 ἐπὶ
1036 1868 1294 1951 πετρῶν
1312 1875 1566 1934 κεῖσθαι
1581 1890 1604 1930 .·
1630 1886 1852 1948 nempe
1867 1866 1951 1942 hi,
1972 1865 2092 1945 nisi
2114 1863 2321 1940 fallor,
2347 1885 2588 1928 murum
2602 1867 2795 1929 intel-

532 1967 817 2029 lexerunt
861 1969 1024 2029 circa
1085 1987 1292 2027 arcem
1336 1970 1586 2029 ductum
1610 2013 1625 2042 ,
1682 1977 1758 2029 ut
1815 1967 2068 2048 plurimi
2121 1968 2462 2048 scriptores
2514 1966 2793 2043 veteres3

532 2084 737 2145 neque
783 2068 1000 2127 dubito
1048 2067 1371 2145 equidem,
1437 2066 1584 2144 quin
1629 2066 1892 2126 eandem
1948 2066 2518 2146 interpretationem
2562 2069 2796 2129 admit-

531 2173 665 2226 tant
707 2167 898 2228 verba
942 2166 1195 2229 Comici.
1296 2165 1565 2227 Omnino
1633 2163 1970 2225 admodum
2025 2165 2269 2225 infirma
2331 2173 2426 2227 est
2488 2169 2796 2228 sententia

531 2267 831 2342 Muelleri,
870 2266 1253 2346 Pelasgicum
1298 2266 1484 2327 etiam
1524 2271 1766 2345 partem
1808 2263 1968 2326 arcis
2019 2264 2297 2328 habitum
2342 2283 2484 2328 esse
2522 2280 2797 2328 ¹censen-

531 2366 630 2426 tis.
716 2366 885 2445 Ergo
946 2366 1668 2447 Nephelococcygienses
1730 2364 1916 2426 etiam
1981 2383 2192 2426 arcem
2251 2365 2478 2441 talem,
2546 2369 2794 2447 qualem

531 2466 958 2541 AthenienseS,
1001 2466 1329 2529 habituros
1376 2485 1515 2527 esse
1535 2466 1955 2528 Pisthetaerus
1997 2465 2323 2544 significat.
2408 2467 2793 2548 Pelasgicum

533 2576 737 2629 autem
785 2566 957 2647 quod
1001 2569 1166 2649 gallo
1210 2568 1559 2650 gallinaceo
1604 2569 1937 2630 tenendum
1980 2567 2235 2642 dicitur,
2280 2567 2380 2632 avi
2429 2567 2795 2651 bellicosis-

533 2671 747 2742 simae,
787 2669 935 2729 ideo
975 2669 1069 2745 fit,
1111 2670 1285 2748 quod
1323 2670 1448 2730 hoc
1485 2669 1929 2730 munimentum
1971 2670 2309 2750 praecipua
2350 2688 2500 2731 cura
2542 2670 2793 2750 dignum

528 2767 898 2828 habebatur.
982 2766 1313 2829 Praeterea
1352 2769 1438 2842 is,
1497 2768 1602 2848 qui
1653 2785 1858 2829 arcem
1898 2774 2106 2843 tenet,
2151 2769 2439 2829 dominus
2485 2775 2580 2829 est
2633 2769 2794 2830 civi-

529 2868 704 2928 tatis:
750 2876 813 2929 et
854 2869 1045 2930 talem
1089 2867 1485 2950 cogitandum
1524 2885 1665 2928 esse
1704 2866 1936 2949 gallum
1964 2866 2396 2949 gallinaceum,
2439 2888 2622 2947 quem
2655 2870 2795 2949 pri-
2894 2918 2898 2923 .

528 2987 698 3029 mum
740 2969 1016 3030 omnium
1055 2988 1265 3051 regem
1308 2971 1633 3035 Persarum
1676 2965 1868 3028 fuisse
1913 2986 1993 3029 ex
2053 2968 2162 3029 Vs.
2189 2968 2328 3040 483-
2354 2988 2491 3048 sqq.
2547 2988 2796 3050 cogno-

531 3066 758 3127 scimus
779 3110 796 3140 ,
848 3074 1042 3146 poeta
1102 3067 1240 3144 ipse
1302 3067 1668 3145 significavit
1709 3066 2058 3130 accuratius
2100 3066 2413 3130 vocabulo
2457 3064 2798 3148 δεσπότης-

528 3163 597 3223 In
643 3183 761 3237 eo,
821 3163 994 3243 quod
1036 3163 1239 3245 gallus
1268 3163 1666 3243 gallinaceus
1707 3165 1835 3226 hoc
1879 3164 2024 3226 loco
2070 3165 2379 3244 expressis
2420 3168 2626 3228 verbis
2671 3186 2795 3248 ap-

526 3260 798 3340 pellatur
842 3260 1023 3345 ὅρνις
1065 3261 1194 3327 τοῦ
1252 3263 1487 3344 γένους
1529 3265 1658 3328 τοῦ
1712 3265 2075 3346 Περσικοῦ,
2142 3265 2197 3324 si
2254 3266 2404 3343 quid
2479 3286 2796 3345 quaeren-

530 3363 677 3423 dum
723 3370 835 3438 est,
880 3362 947 3424 id
992 3361 1146 3422 nihil
1190 3362 1359 3424 aliud
1403 3381 1545 3425 esse
1585 3369 1816 3443 potest,
1860 3362 1981 3424 nisi
2022 3363 2168 3439 hoc,
2214 3369 2285 3425 ut
2323 3371 2516 3443 poeta
2557 3364 2797 3428 alludat

530 3463 611 3525 ad
676 3465 1004 3544 pristinum
1048 3464 1224 3525 illum
1285 3463 1432 3544 galli
1496 3463 1823 3546 gallinacei
1886 3465 1950 3525 in
2010 3466 2229 3527 Persas
2289 3464 2694 3527 dominatum.
2735 3476 2799 3532 et

527 3568 743 3626 forsan
788 3567 973 3628 etiam
1020 3586 1179 3628 voce
1224 3559 1548 3645 Περσικὸς
1578 3564 1662 3624 ad
1703 3565 1965 3626 verbum
2008 3568 2330 3648 πέρθεινς
2376 3584 2580 3644 neque
2632 3567 2794 3625 enim

527 3665 804 3742 probare
843 3686 1101 3742 possum
1147 3682 1240 3738 ea,
1288 3681 1451 3743 quae
1496 3663 1831 3742 disputavit
1870 3664 2245 3725 Suevernius
2285 3665 2329 3725 l.
2373 3685 2424 3726 c.
2465 3684 2528 3744 p.
2552 3665 2629 3723 61
2659 3682 2794 3741 sqq.

526 3796 610 3809 --
653 3764 857 3823 Etiam
899 3764 1236 3824 Brunckius
1280 3761 1475 3823 verba
1519 3764 1639 3843 τῆς
1681 3758 1932 3835 πόλεως
1971 3756 2047 3828 ‘cd
2085 3758 2500 3847 Πελαργικὸν
2538 3760 2797 3824 intelle-

527 3861 614 3922 xit
657 3861 737 3921 de
779 3860 1101 3942 Pelasgico
1148 3863 1308 3921 arcis
1353 3881 1569 3937 muro,
1627 3880 1813 3940 quem
1857 3862 2061 3924 facete
2104 3854 2525 3950 Πξλαργικόν
2567 3861 2797 3944 appel-

524 3962 681 4022 laret
742 3960 1028 4024 Comicus
1103 3963 1188 4023 ad
1250 3961 1632 4024 ciconiarum
1689 3983 1919 4025 nomen
1972 3958 2277 4024 alludens.
2320 4015 2322 4017 .
2359 3960 2601 4023 Horum
2643 3983 2797 4026 ver-

527 4060 750 4139 borum
796 4083 958 4144 quae
1011 4071 1331 4143 postrema
1392 4073 1568 4139 sunt,
1633 4088 1826 4146 quum
1887 4065 2208 4126 verissime
2252 4061 2374 4122 sint
2416 4063 2578 4126 dicta
2603 4108 2619 4136 ‚
2683 4063 2794 4123 fa-

532 4160 725 4237 ciunt,
786 4171 856 4224 ut
915 4166 993 4224 de
1052 4165 1176 4225 alia
1239 4184 1362 4245 qua
1426 4183 1497 4225 re
1543 4166 1982 4245 disputandum
2024 4165 2106 4226 sit
2163 4162 2377 4242 paullo
2422 4162 2793 4225 accuratius.

532 4258 806 4331 Quaerat
851 4266 1012 4325 enim
1059 4266 1317 4346 aliqui3‚
1364 4267 1513 4345 quid
1567 4266 1685 4328 sihi
1730 4267 2002 4329 voluerit
2043 4270 2233 4346 poeta
2278 4283 2376 4341 eo,
2422 4263 2593 4343 quod
2635 4263 2788 4326 illud
