<?xml version="1.0" encoding="UTF-8"?>
<!DOCTYPE html PUBLIC "-//W3C//DTD XHTML 1.0 Transitional//EN"
    "http://www.w3.org/TR/xhtml1/DTD/xhtml1-transitional.dtd">
<html xmlns="http://www.w3.org/1999/xhtml" xml:lang="en" lang="en">
 <head>
  <title>
</title>
<meta http-equiv="Content-Type" content="text/html;charset=utf-8" />
  <meta name='ocr-system' content='tesseract 3.04.00' />
  <meta name='ocr-capabilities' content='ocr_page ocr_carea ocr_par ocr_line ocrx_word'/>
</head>
<body>
  <div class='ocr_page' id='page_1' title='image "4770919_0039.png"; bbox 0 0 3022 4934; ppageno 0'>
   <div class='ocr_carea' id='block_1_1' title="bbox 1123 301 1636 533">
    <p class='ocr_par' dir='ltr' id='par_1_1' title="bbox 1123 301 1636 533">
     <span class='ocr_line' id='line_1_1' title="bbox 1169 301 1593 360; baseline -0.009 -11"><span class='ocrx_word' id='word_1_1' title='bbox 1169 336 1245 349; x_wconf 90' lang='lat'><strong>...</strong></span> <span class='ocrx_word' id='word_1_2' title='bbox 1344 301 1423 360; x_wconf 87' lang='lat'><strong>25</strong></span> <span class='ocrx_word' id='word_1_3' title='bbox 1513 334 1593 345; x_wconf 82' lang='grc'><strong><em>...-</em></strong></span> 
     </span>
     <span class='ocr_line' id='line_1_2' title="bbox 1123 468 1636 533; baseline 0 -2"><span class='ocrx_word' id='word_1_4' title='bbox 1123 468 1636 533; x_wconf 86' lang='grc' dir='ltr'><em>ΒΑΣΙΛΕΥΣ.</em></span> 
     </span>
    </p>
   </div>
   <div class='ocr_carea' id='block_1_2' title="bbox 473 562 2070 1206">
    <p class='ocr_par' dir='ltr' id='par_1_2' title="bbox 473 562 2070 1206">
     <span class='ocr_line' id='line_1_3' title="bbox 476 562 2037 651; baseline 0.002 -19"><span class='ocrx_word' id='word_1_5' title='bbox 476 571 616 632; x_wconf 76' lang='grc' dir='ltr'><strong>Καὶ</strong></span> <span class='ocrx_word' id='word_1_6' title='bbox 660 563 803 648; x_wconf 69' lang='grc' dir='ltr'><strong>μὴν</strong></span> <span class='ocrx_word' id='word_1_7' title='bbox 848 562 1186 650; x_wconf 65' lang='grc' dir='ltr'><em>Κάνωβον</em></span> <span class='ocrx_word' id='word_1_8' title='bbox 1235 564 1398 632; x_wconf 70' lang='grc' dir='ltr'><strong>κάπὶ</strong></span> <span class='ocrx_word' id='word_1_9' title='bbox 1442 567 1730 651; x_wconf 77' lang='grc' dir='ltr'><strong><em>Μέμφιν</em></strong></span> <span class='ocrx_word' id='word_1_10' title='bbox 1782 573 1999 644; x_wconf 74' lang='grc' dir='ltr'><strong>ἵκετος</strong></span> <span class='ocrx_word' id='word_1_11' title='bbox 2035 599 2037 601; x_wconf 65' lang='grc'><strong>’</strong></span> 
     </span>
     <span class='ocr_line' id='line_1_4' title="bbox 1190 686 1543 751; baseline -0.014 0"><span class='ocrx_word' id='word_1_12' title='bbox 1190 686 1543 751; x_wconf 83' lang='grc' dir='ltr'><strong><em>ΧΟΡΘΣ.</em></strong></span> 
     </span>
     <span class='ocr_line' id='line_1_5' title="bbox 473 784 2070 874; baseline 0.002 -25"><span class='ocrx_word' id='word_1_13' title='bbox 473 787 607 852; x_wconf 75' lang='grc' dir='ltr'><strong>Καὶ</strong></span> <span class='ocrx_word' id='word_1_14' title='bbox 665 786 842 859; x_wconf 80' lang='grc' dir='ltr'><strong>Ζεύς</strong></span> <span class='ocrx_word' id='word_1_15' title='bbox 892 784 950 872; x_wconf 75' lang='grc' dir='ltr'><strong>γ’</strong></span> <span class='ocrx_word' id='word_1_16' title='bbox 1003 785 1321 872; x_wconf 73' lang='grc' dir='ltr'><strong>ἐφάπτωρ·</strong></span> <span class='ocrx_word' id='word_1_17' title='bbox 1346 791 1519 874; x_wconf 67' lang='grc' dir='ltr'><strong>*χειρὶ</strong></span> <span class='ocrx_word' id='word_1_18' title='bbox 1574 787 1793 872; x_wconf 60' lang='grc' dir='ltr'><strong><em>φιτύει</em></strong></span> <span class='ocrx_word' id='word_1_19' title='bbox 1844 788 2070 871; x_wconf 77' lang='grc' dir='ltr'><strong><em>γόνον.</em></strong></span> 
     </span>
     <span class='ocr_line' id='line_1_6' title="bbox 547 892 1629 982; baseline 0.003 -3"><span class='ocrx_word' id='word_1_20' title='bbox 547 892 549 895; x_wconf 79' lang='grc'><strong>’</strong></span> <span class='ocrx_word' id='word_1_21' title='bbox 1116 914 1629 982; x_wconf 75' lang='grc' dir='ltr'><em>ΒΑΣΙΛΕΥΣ.</em></span> 
     </span>
     <span class='ocr_line' id='line_1_7' title="bbox 482 1006 1894 1101; baseline 0.002 -25"><span class='ocrx_word' id='word_1_22' title='bbox 482 1015 567 1078; x_wconf 85' lang='grc' dir='ltr'><strong>Τί</strong></span> <span class='ocrx_word' id='word_1_23' title='bbox 612 1006 777 1096; x_wconf 64' lang='grc' dir='ltr'><strong>οὖνς</strong></span> <span class='ocrx_word' id='word_1_24' title='bbox 838 1011 873 1078; x_wconf 83' lang='grc' dir='ltr'>ὁ</span> <span class='ocrx_word' id='word_1_25' title='bbox 917 1020 1069 1088; x_wconf 81' lang='grc' dir='ltr'><em>Δῖος</em></span> <span class='ocrx_word' id='word_1_26' title='bbox 1114 1012 1350 1097; x_wconf 77' lang='grc' dir='ltr'><strong><em>πόρτις</em></strong></span> <span class='ocrx_word' id='word_1_27' title='bbox 1392 1011 1651 1101; x_wconf 78' lang='grc' dir='ltr'><strong>εὔχεται</strong></span> <span class='ocrx_word' id='word_1_28' title='bbox 1676 1008 1894 1098; x_wconf 33' lang='grc' dir='ltr'><strong><em>,βοόςς</em></strong></span> 
     </span>
     <span class='ocr_line' id='line_1_8' title="bbox 1191 1140 1545 1206; baseline -0.003 -3"><span class='ocrx_word' id='word_1_29' title='bbox 1191 1140 1545 1206; x_wconf 86' lang='grc' dir='ltr'><strong><em>ΧΟΡΟΣ.</em></strong></span> 
     </span>
    </p>
   </div>
   <div class='ocr_carea' id='block_1_3' title="bbox 453 1231 1808 1322">
    <p class='ocr_par' dir='ltr' id='par_1_3' title="bbox 453 1231 1808 1322">
     <span class='ocr_line' id='line_1_9' title="bbox 453 1231 1808 1322; baseline -0.001 -20"><span class='ocrx_word' id='word_1_30' title='bbox 453 1234 777 1318; x_wconf 74' lang='grc' dir='ltr'><strong><em>”Επαφος</em></strong></span> <span class='ocrx_word' id='word_1_31' title='bbox 829 1231 1097 1321; x_wconf 57' lang='grc' dir='ltr'><strong><em>ἀληθῶς</em></strong></span> <span class='ocrx_word' id='word_1_32' title='bbox 1146 1238 1383 1322; x_wconf 77' lang='grc' dir='ltr'><strong><em>ῥυσίων</em></strong></span> <span class='ocrx_word' id='word_1_33' title='bbox 1436 1235 1808 1318; x_wconf 79' lang='grc' dir='ltr'><strong><em>ἐπώνυμος.</em></strong></span> 
     </span>
    </p>
   </div>
   <div class='ocr_carea' id='block_1_4' title="bbox 217 1365 2491 4360">
    <p class='ocr_par' dir='ltr' id='par_1_4' title="bbox 226 1365 2491 3355">
     <span class='ocr_line' id='line_1_10' title="bbox 237 1365 2490 1447; baseline 0.001 -24"><span class='ocrx_word' id='word_1_34' title='bbox 237 1365 560 1425; x_wconf 88' lang='lat' dir='ltr'><strong>Postremo</strong></span> <span class='ocrx_word' id='word_1_35' title='bbox 606 1386 817 1440; x_wconf 87' lang='lat' dir='ltr'><strong>versu,</strong></span> <span class='ocrx_word' id='word_1_36' title='bbox 875 1368 977 1446; x_wconf 89' lang='lat' dir='ltr'><strong>qui</strong></span> <span class='ocrx_word' id='word_1_37' title='bbox 1023 1376 1116 1427; x_wconf 91' lang='lat' dir='ltr'><strong>est</strong></span> <span class='ocrx_word' id='word_1_38' title='bbox 1147 1367 1592 1447; x_wconf 70' lang='lat' dir='ltr'><strong>310·,;..omneS‚</strong></span> <span class='ocrx_word' id='word_1_39' title='bbox 1639 1367 1808 1445; x_wconf 89' lang='lat' dir='ltr'><strong>quod</strong></span> <span class='ocrx_word' id='word_1_40' title='bbox 1847 1386 1966 1446; x_wconf 84' lang='lat' dir='ltr'><strong>ego</strong></span> <span class='ocrx_word' id='word_1_41' title='bbox 2008 1368 2226 1439; x_wconf 89' lang='lat' dir='ltr'><strong>sciam,</strong></span> <span class='ocrx_word' id='word_1_42' title='bbox 2273 1386 2490 1427; x_wconf 81' lang='lat' dir='ltr'><strong>vocem</strong></span> 
     </span>
     <span class='ocr_line' id='line_1_11' title="bbox 239 1462 2491 1557; baseline -0.001 -29"><span class='ocrx_word' id='word_1_43' title='bbox 239 1462 429 1549; x_wconf 78' lang='grc' dir='ltr'><strong><em>ῥύσια</em></strong></span> <span class='ocrx_word' id='word_1_44' title='bbox 475 1467 901 1530; x_wconf 82' lang='lat' dir='ltr'><strong>intellexerunt</strong></span> <span class='ocrx_word' id='word_1_45' title='bbox 943 1467 1022 1528; x_wconf 84' lang='lat' dir='ltr'><strong>de</strong></span> <span class='ocrx_word' id='word_1_46' title='bbox 1061 1490 1162 1540; x_wconf 70' lang='lat' dir='ltr'><strong>eo,</strong></span> <span class='ocrx_word' id='word_1_47' title='bbox 1207 1465 1384 1557; x_wconf 77' lang='lat' dir='ltr'><strong>qaod</strong></span> <span class='ocrx_word' id='word_1_48' title='bbox 1413 1464 1727 1548; x_wconf 10' lang='lat' dir='ltr'><strong>luppiter!</strong></span> <span class='ocrx_word' id='word_1_49' title='bbox 1768 1465 1998 1527; x_wconf 80' lang='lat' dir='ltr'><strong>Ionem</strong></span> <span class='ocrx_word' id='word_1_50' title='bbox 2040 1487 2283 1526; x_wconf 78' lang='lat' dir='ltr'><strong>manus</strong></span> <span class='ocrx_word' id='word_1_51' title='bbox 2325 1487 2491 1526; x_wconf 81' lang='lat' dir='ltr'><strong>con-</strong></span> 
     </span>
     <span class='ocr_line' id='line_1_12' title="bbox 242 1564 2491 1649; baseline 0.001 -25"><span class='ocrx_word' id='word_1_52' title='bbox 242 1566 624 1626; x_wconf 78' lang='lat' dir='ltr'><strong>trectatione</strong></span> <span class='ocrx_word' id='word_1_53' title='bbox 672 1589 710 1624; x_wconf 85' lang='grc' dir='ltr'><em>α</em></span> <span class='ocrx_word' id='word_1_54' title='bbox 746 1567 993 1649; x_wconf 74' lang='lat' dir='ltr'><strong>ficrore</strong></span> <span class='ocrx_word' id='word_1_55' title='bbox 1050 1565 1461 1626; x_wconf 80' lang='lat' dir='ltr'><strong>liberaverat.</strong></span> <span class='ocrx_word' id='word_1_56' title='bbox 1560 1566 1742 1638; x_wconf 89' lang='lat' dir='ltr'><strong>Quod</strong></span> <span class='ocrx_word' id='word_1_57' title='bbox 1802 1566 1852 1625; x_wconf 90' lang='lat' dir='ltr'><strong>si</strong></span> <span class='ocrx_word' id='word_1_58' title='bbox 1910 1564 2010 1638; x_wconf 88' lang='lat' dir='ltr'><strong>fit,</strong></span> <span class='ocrx_word' id='word_1_59' title='bbox 2068 1567 2211 1646; x_wconf 87' lang='lat' dir='ltr'><strong>jure</strong></span> <span class='ocrx_word' id='word_1_60' title='bbox 2266 1575 2491 1646; x_wconf 86' lang='lat' dir='ltr'><strong>poetae</strong></span> 
     </span>
     <span class='ocr_line' id='line_1_13' title="bbox 235 1666 2491 1745; baseline -0 -21"><span class='ocrx_word' id='word_1_61' title='bbox 235 1668 421 1725; x_wconf 85' lang='lat' dir='ltr'><strong>nimia</strong></span> <span class='ocrx_word' id='word_1_62' title='bbox 473 1668 742 1726; x_wconf 80' lang='lat' dir='ltr'>brevitas</span> <span class='ocrx_word' id='word_1_63' title='bbox 805 1675 865 1726; x_wconf 89' lang='lat' dir='ltr'><strong>et</strong></span> <span class='ocrx_word' id='word_1_64' title='bbox 922 1666 1291 1745; x_wconf 83' lang='lat' dir='ltr'>negligentia</span> <span class='ocrx_word' id='word_1_65' title='bbox 1349 1666 1481 1724; x_wconf 89' lang='lat' dir='ltr'><strong>dari</strong></span> <span class='ocrx_word' id='word_1_66' title='bbox 1541 1666 1774 1725; x_wconf 89' lang='lat' dir='ltr'><strong>crimini</strong></span> <span class='ocrx_word' id='word_1_67' title='bbox 1833 1672 2056 1745; x_wconf 85' lang='lat' dir='ltr'><strong>potest.</strong></span> <span class='ocrx_word' id='word_1_68' title='bbox 2182 1668 2306 1727; x_wconf 87' lang='lat' dir='ltr'><strong>Sed</strong></span> <span class='ocrx_word' id='word_1_69' title='bbox 2365 1687 2491 1725; x_wconf 90' lang='lat' dir='ltr'><strong>non</strong></span> 
     </span>
     <span class='ocr_line' id='line_1_14' title="bbox 240 1765 2486 1843; baseline -0.001 -19"><span class='ocrx_word' id='word_1_70' title='bbox 240 1767 483 1838; x_wconf 85' lang='lat' dir='ltr'><strong>dubito,</strong></span> <span class='ocrx_word' id='word_1_71' title='bbox 542 1767 685 1842; x_wconf 91' lang='lat' dir='ltr'><strong>quin</strong></span> <span class='ocrx_word' id='word_1_72' title='bbox 738 1767 841 1823; x_wconf 91' lang='lat' dir='ltr'><strong>illa</strong></span> <span class='ocrx_word' id='word_1_73' title='bbox 894 1785 1015 1824; x_wconf 83' lang='lat' dir='ltr'><strong>vox</strong></span> <span class='ocrx_word' id='word_1_74' title='bbox 1069 1765 1247 1823; x_wconf 87' lang='lat' dir='ltr'><strong>aliter</strong></span> <span class='ocrx_word' id='word_1_75' title='bbox 1300 1765 1661 1843; x_wconf 84' lang='lat' dir='ltr'><strong>explicanda</strong></span> <span class='ocrx_word' id='word_1_76' title='bbox 1708 1766 1801 1823; x_wconf 91' lang='lat' dir='ltr'><strong>sit.</strong></span> <span class='ocrx_word' id='word_1_77' title='bbox 1889 1767 1982 1823; x_wconf 89' lang='lat' dir='ltr'><strong>De</strong></span> <span class='ocrx_word' id='word_1_78' title='bbox 2026 1766 2239 1824; x_wconf 82' lang='lat' dir='ltr'><strong>furore</strong></span> <span class='ocrx_word' id='word_1_79' title='bbox 2287 1767 2350 1823; x_wconf 93' lang='lat' dir='ltr'><strong>in</strong></span> <span class='ocrx_word' id='word_1_80' title='bbox 2395 1765 2486 1834; x_wconf 88' lang='lat' dir='ltr'><strong>iis,</strong></span> 
     </span>
     <span class='ocr_line' id='line_1_15' title="bbox 237 1864 2485 1943; baseline -0.002 -19"><span class='ocrx_word' id='word_1_81' title='bbox 237 1883 396 1943; x_wconf 88' lang='lat' dir='ltr'><strong>quae</strong></span> <span class='ocrx_word' id='word_1_82' title='bbox 439 1865 847 1943; x_wconf 87' lang='lat' dir='ltr'><strong>praecedunt,</strong></span> <span class='ocrx_word' id='word_1_83' title='bbox 895 1865 1195 1942; x_wconf 81' lang='lat' dir='ltr'><strong>expressis</strong></span> <span class='ocrx_word' id='word_1_84' title='bbox 1242 1864 1490 1941; x_wconf 85' lang='lat' dir='ltr'><strong>quidem</strong></span> <span class='ocrx_word' id='word_1_85' title='bbox 1533 1864 1769 1935; x_wconf 87' lang='lat' dir='ltr'><strong>verbis,</strong></span> <span class='ocrx_word' id='word_1_86' title='bbox 1815 1884 2021 1923; x_wconf 90' lang='lat' dir='ltr'><strong>sermo</strong></span> <span class='ocrx_word' id='word_1_87' title='bbox 2064 1864 2315 1922; x_wconf 89' lang='lat' dir='ltr'><strong>omnino</strong></span> <span class='ocrx_word' id='word_1_88' title='bbox 2358 1884 2485 1922; x_wconf 90' lang='lat' dir='ltr'><strong>non</strong></span> 
     </span>
     <span class='ocr_line' id='line_1_16' title="bbox 235 1950 2482 2042; baseline -0.001 -18"><span class='ocrx_word' id='word_1_89' title='bbox 235 1965 454 2024; x_wconf 85' lang='lat' dir='ltr'><strong>fuerat.</strong></span> <span class='ocrx_word' id='word_1_90' title='bbox 543 1964 770 2024; x_wconf 90' lang='lat' dir='ltr'><strong>Contra</strong></span> <span class='ocrx_word' id='word_1_91' title='bbox 807 1964 935 2042; x_wconf 90' lang='lat' dir='ltr'><strong>jam</strong></span> <span class='ocrx_word' id='word_1_92' title='bbox 979 1963 1083 2021; x_wconf 77' lang='lat' dir='ltr'><strong>Vs,</strong></span> <span class='ocrx_word' id='word_1_93' title='bbox 1116 1962 1239 2022; x_wconf 86' lang='grc'><strong>296</strong></span> <span class='ocrx_word' id='word_1_94' title='bbox 1276 1971 1336 2022; x_wconf 87' lang='lat' dir='ltr'><strong>et</strong></span> <span class='ocrx_word' id='word_1_95' title='bbox 1372 1950 1492 2023; x_wconf 82' lang='lat'><strong>297</strong></span> <span class='ocrx_word' id='word_1_96' title='bbox 1540 1971 1853 2023; x_wconf 90' lang='lat' dir='ltr'><strong>narratum</strong></span> <span class='ocrx_word' id='word_1_97' title='bbox 1901 1971 2062 2036; x_wconf 89' lang='lat' dir='ltr'><strong>erat,</strong></span> <span class='ocrx_word' id='word_1_98' title='bbox 2107 1966 2326 2024; x_wconf 88' lang='lat' dir='ltr'><strong>Jovem</strong></span> <span class='ocrx_word' id='word_1_99' title='bbox 2370 1966 2482 2024; x_wconf 92' lang='lat' dir='ltr'><strong>sub</strong></span> 
     </span>
     <span class='ocr_line' id='line_1_17' title="bbox 235 2063 2486 2135; baseline 0 -13"><span class='ocrx_word' id='word_1_100' title='bbox 235 2065 437 2122; x_wconf 85' lang='lat' dir='ltr'><strong>forma</strong></span> <span class='ocrx_word' id='word_1_101' title='bbox 484 2066 639 2123; x_wconf 87' lang='lat' dir='ltr'><strong>tauri</strong></span> <span class='ocrx_word' id='word_1_102' title='bbox 686 2083 816 2122; x_wconf 87' lang='lat' dir='ltr'><strong>rem</strong></span> <span class='ocrx_word' id='word_1_103' title='bbox 862 2063 1154 2135; x_wconf 83' lang='lat' dir='ltr'><strong>habuisse</strong></span> <span class='ocrx_word' id='word_1_104' title='bbox 1203 2064 1534 2123; x_wconf 72' lang='lat' dir='ltr'><strong>cum-‚Ione</strong></span> <span class='ocrx_word' id='word_1_105' title='bbox 1589 2065 1669 2123; x_wconf 83' lang='lat' dir='ltr'><strong>in·</strong></span> <span class='ocrx_word' id='word_1_106' title='bbox 1703 2082 1951 2125; x_wconf 87' lang='lat' dir='ltr'><strong>vaccam</strong></span> <span class='ocrx_word' id='word_1_107' title='bbox 2012 2072 2262 2123; x_wconf 83' lang='lat' dir='ltr'><strong>mutata.</strong></span> <span class='ocrx_word' id='word_1_108' title='bbox 2350 2066 2486 2123; x_wconf 90' lang='lat' dir='ltr'><strong>Non</strong></span> 
     </span>
     <span class='ocr_line' id='line_1_18' title="bbox 236 2162 2484 2242; baseline -0 -19"><span class='ocrx_word' id='word_1_109' title='bbox 236 2172 328 2223; x_wconf 91' lang='lat' dir='ltr'><strong>est</strong></span> <span class='ocrx_word' id='word_1_110' title='bbox 373 2164 653 2235; x_wconf 90' lang='lat' dir='ltr'><strong>dubium,</strong></span> <span class='ocrx_word' id='word_1_111' title='bbox 721 2163 1008 2240; x_wconf 76' lang='lat' dir='ltr'><strong>quinhic</strong></span> <span class='ocrx_word' id='word_1_112' title='bbox 1051 2162 1245 2221; x_wconf 87' lang='lat' dir='ltr'><strong>coitus</strong></span> <span class='ocrx_word' id='word_1_113' title='bbox 1293 2181 1420 2222; x_wconf 92' lang='lat' dir='ltr'><strong>non</strong></span> <span class='ocrx_word' id='word_1_114' title='bbox 1472 2164 1677 2224; x_wconf 90' lang='lat' dir='ltr'><strong>irritus</strong></span> <span class='ocrx_word' id='word_1_115' title='bbox 1722 2165 1936 2240; x_wconf 87' lang='lat' dir='ltr'><strong>fuerit;</strong></span> <span class='ocrx_word' id='word_1_116' title='bbox 1999 2169 2372 2242; x_wconf 78' lang='lat' dir='ltr'><strong>conceperat</strong></span> <span class='ocrx_word' id='word_1_117' title='bbox 2414 2166 2484 2223; x_wconf 93' lang='lat' dir='ltr'><strong>Io</strong></span> 
     </span>
     <span class='ocr_line' id='line_1_19' title="bbox 233 2265 2486 2345; baseline -0.001 -18"><span class='ocrx_word' id='word_1_118' title='bbox 233 2266 403 2328; x_wconf 89' lang='lat' dir='ltr'><strong>haud</strong></span> <span class='ocrx_word' id='word_1_119' title='bbox 436 2265 631 2327; x_wconf 74' lang='lat' dir='ltr'><strong>dubie.</strong></span> <span class='ocrx_word' id='word_1_120' title='bbox 653 2272 715 2327; x_wconf 83' lang='lat' dir='ltr'><strong>et</strong></span> <span class='ocrx_word' id='word_1_121' title='bbox 746 2284 863 2344; x_wconf 80' lang='lat' dir='ltr'><strong>per</strong></span> <span class='ocrx_word' id='word_1_122' title='bbox 896 2266 1162 2345; x_wconf 86' lang='lat' dir='ltr'><strong>longum.</strong></span> <span class='ocrx_word' id='word_1_123' title='bbox 1181 2273 1418 2345; x_wconf 77' lang='lat' dir='ltr'><strong>tempus</strong></span> <span class='ocrx_word' id='word_1_124' title='bbox 1448 2267 1749 2339; x_wconf 84' lang='lat' dir='ltr'><strong>infantem</strong></span> <span class='ocrx_word' id='word_1_125' title='bbox 1778 2275 1954 2327; x_wconf 90' lang='lat' dir='ltr'><strong>utero</strong></span> <span class='ocrx_word' id='word_1_126' title='bbox 1996 2269 2236 2343; x_wconf 88' lang='lat' dir='ltr'><strong>tulerat,</strong></span> <span class='ocrx_word' id='word_1_127' title='bbox 2284 2268 2486 2326; x_wconf 89' lang='lat' dir='ltr'><strong>donec</strong></span> 
     </span>
     <span class='ocr_line' id='line_1_20' title="bbox 232 2366 2483 2446; baseline -0 -19"><span class='ocrx_word' id='word_1_128' title='bbox 232 2367 479 2427; x_wconf 85' lang='lat' dir='ltr'><strong>tandem</strong></span> <span class='ocrx_word' id='word_1_129' title='bbox 534 2375 676 2445; x_wconf 90' lang='lat' dir='ltr'><strong>post</strong></span> <span class='ocrx_word' id='word_1_130' title='bbox 734 2366 1077 2434; x_wconf 64' lang='lat' dir='ltr'><strong>adventum⁴</strong></span> <span class='ocrx_word' id='word_1_131' title='bbox 1116 2366 1178 2426; x_wconf 92' lang='lat' dir='ltr'><strong>in</strong></span> <span class='ocrx_word' id='word_1_132' title='bbox 1229 2367 1572 2446; x_wconf 75' lang='lat' dir='ltr'><strong>Aegyptum</strong></span> <span class='ocrx_word' id='word_1_133' title='bbox 1618 2368 1786 2429; x_wconf 86' lang='lat' dir='ltr'><strong>Jovis</strong></span> <span class='ocrx_word' id='word_1_134' title='bbox 1838 2369 1943 2427; x_wconf 89' lang='lat' dir='ltr'><strong>illa</strong></span> <span class='ocrx_word' id='word_1_135' title='bbox 2000 2368 2483 2430; x_wconf 79' lang='lat' dir='ltr'><strong>contrectatione</strong></span> 
     </span>
     <span class='ocr_line' id='line_1_21' title="bbox 234 2459 2479 2550; baseline -0.001 -21"><span class='ocrx_word' id='word_1_136' title='bbox 234 2470 414 2529; x_wconf 82' lang='lat' dir='ltr'><strong>enixa</strong></span> <span class='ocrx_word' id='word_1_137' title='bbox 440 2477 577 2532; x_wconf 66' lang='lat' dir='ltr'><strong>fest.</strong></span> <span class='ocrx_word' id='word_1_138' title='bbox 675 2471 767 2527; x_wconf 81' lang='lat' dir='ltr'><strong>Ex</strong></span> <span class='ocrx_word' id='word_1_139' title='bbox 819 2470 939 2535; x_wconf 82' lang='lat' dir='ltr'><strong>hac</strong></span> <span class='ocrx_word' id='word_1_140' title='bbox 990 2459 1497 2547; x_wconf 81' lang='lat' dir='ltr'><strong>interpretatione</strong></span> <span class='ocrx_word' id='word_1_141' title='bbox 1546 2465 1736 2538; x_wconf 68' lang='grc' dir='ltr'><strong>Ζεύς,</strong></span> <span class='ocrx_word' id='word_1_142' title='bbox 1777 2464 2088 2548; x_wconf 76' lang='grc' dir='ltr'><em>ἐφάπτωρ</em></span> <span class='ocrx_word' id='word_1_143' title='bbox 2139 2470 2298 2550; x_wconf 79' lang='grc' dir='ltr'><strong>χειρὶ</strong></span> <span class='ocrx_word' id='word_1_144' title='bbox 2353 2488 2479 2527; x_wconf 90' lang='lat' dir='ltr'><strong>non</strong></span> 
     </span>
     <span class='ocr_line' id='line_1_22' title="bbox 232 2569 2478 2651; baseline -0.002 -21"><span class='ocrx_word' id='word_1_145' title='bbox 232 2571 477 2630; x_wconf 87' lang='lat' dir='ltr'><strong>demum</strong></span> <span class='ocrx_word' id='word_1_146' title='bbox 521 2571 836 2651; x_wconf 86' lang='lat' dir='ltr'><strong>gravidam</strong></span> <span class='ocrx_word' id='word_1_147' title='bbox 879 2571 1083 2630; x_wconf 84' lang='lat' dir='ltr'><strong>reddit</strong></span> <span class='ocrx_word' id='word_1_148' title='bbox 1123 2572 1366 2643; x_wconf 89' lang='lat' dir='ltr'><strong>Ionem,</strong></span> <span class='ocrx_word' id='word_1_149' title='bbox 1418 2572 1526 2629; x_wconf 91' lang='lat' dir='ltr'><strong>sed</strong></span> <span class='ocrx_word' id='word_1_150' title='bbox 1569 2578 1814 2648; x_wconf 85' lang='lat' dir='ltr'><strong>partum</strong></span> <span class='ocrx_word' id='word_1_151' title='bbox 1856 2571 2067 2641; x_wconf 87' lang='lat' dir='ltr'><strong>solvit,</strong></span> <span class='ocrx_word' id='word_1_152' title='bbox 2115 2577 2174 2627; x_wconf 88' lang='lat' dir='ltr'><strong>et</strong></span> <span class='ocrx_word' id='word_1_153' title='bbox 2218 2569 2478 2629; x_wconf 84' lang='lat' dir='ltr'><strong>verbum</strong></span> 
     </span>
     <span class='ocr_line' id='line_1_23' title="bbox 227 2666 2476 2749; baseline -0.003 -14"><span class='ocrx_word' id='word_1_154' title='bbox 227 2666 444 2749; x_wconf 73' lang='grc' dir='ltr'><strong>φιτύει</strong></span> <span class='ocrx_word' id='word_1_155' title='bbox 497 2689 680 2730; x_wconf 90' lang='lat' dir='ltr'><strong>sensu</strong></span> <span class='ocrx_word' id='word_1_156' title='bbox 732 2670 939 2730; x_wconf 90' lang='lat' dir='ltr'><strong>latiori</strong></span> <span class='ocrx_word' id='word_1_157' title='bbox 982 2669 1207 2744; x_wconf 86' lang='lat' dir='ltr'><strong>dictum</strong></span> <span class='ocrx_word' id='word_1_158' title='bbox 1253 2677 1362 2730; x_wconf 89' lang='lat' dir='ltr'><strong>est.</strong></span> <span class='ocrx_word' id='word_1_159' title='bbox 1430 2670 1704 2731; x_wconf 82' lang='lat' dir='ltr'><strong>.Eodem</strong></span> <span class='ocrx_word' id='word_1_160' title='bbox 1747 2671 1938 2730; x_wconf 88' lang='lat' dir='ltr'><strong>modo</strong></span> <span class='ocrx_word' id='word_1_161' title='bbox 1981 2689 2113 2729; x_wconf 91' lang='lat' dir='ltr'><strong>rem</strong></span> <span class='ocrx_word' id='word_1_162' title='bbox 2165 2676 2226 2728; x_wconf 89' lang='lat' dir='ltr'><strong>et</strong></span> <span class='ocrx_word' id='word_1_163' title='bbox 2267 2668 2476 2728; x_wconf 84' lang='lat' dir='ltr'><strong>infor-</strong></span> 
     </span>
     <span class='ocr_line' id='line_1_24' title="bbox 228 2770 2477 2850; baseline -0 -20"><span class='ocrx_word' id='word_1_164' title='bbox 228 2773 415 2833; x_wconf 83' lang='lat' dir='ltr'><strong>mavit</strong></span> <span class='ocrx_word' id='word_1_165' title='bbox 445 2771 563 2834; x_wconf 87' lang='lat' dir='ltr'><strong>sibi</strong></span> <span class='ocrx_word' id='word_1_166' title='bbox 599 2778 661 2830; x_wconf 89' lang='lat' dir='ltr'><strong>et</strong></span> <span class='ocrx_word' id='word_1_167' title='bbox 693 2789 852 2838; x_wconf 78' lang='lat' dir='ltr'><strong>vero</strong></span> <span class='ocrx_word' id='word_1_168' title='bbox 877 2771 1178 2849; x_wconf 84' lang='lat' dir='ltr'><strong>expressit</strong></span> <span class='ocrx_word' id='word_1_169' title='bbox 1205 2770 1492 2844; x_wconf 87' lang='lat' dir='ltr'><strong>ovidius,</strong></span> <span class='ocrx_word' id='word_1_170' title='bbox 1537 2773 1667 2850; x_wconf 86' lang='lat' dir='ltr'><strong>qui,</strong></span> <span class='ocrx_word' id='word_1_171' title='bbox 1710 2771 2477 2850; x_wconf 87' lang='lat' dir='ltr'><strong>postquamMetamorph.</strong></span> 
     </span>
     <span class='ocr_line' id='line_1_25' title="bbox 226 2870 2473 2952; baseline -0.001 -20"><span class='ocrx_word' id='word_1_172' title='bbox 226 2873 264 2932; x_wconf 81' lang='grc' dir='ltr'><strong>Ι.</strong></span> <span class='ocrx_word' id='word_1_173' title='bbox 295 2873 349 2946; x_wconf 91' lang='lat'><strong>1,</strong></span> <span class='ocrx_word' id='word_1_174' title='bbox 393 2874 498 2933; x_wconf 75' lang='lat' dir='ltr'><strong>Vs,</strong></span> <span class='ocrx_word' id='word_1_175' title='bbox 529 2870 655 2935; x_wconf 85' lang='lat'><strong>600</strong></span> <span class='ocrx_word' id='word_1_176' title='bbox 710 2871 793 2931; x_wconf 88' lang='lat' dir='ltr'><strong>de</strong></span> <span class='ocrx_word' id='word_1_177' title='bbox 845 2870 1172 2931; x_wconf 89' lang='lat' dir='ltr'><strong>concubitu</strong></span> <span class='ocrx_word' id='word_1_178' title='bbox 1214 2871 1406 2931; x_wconf 91' lang='lat' dir='ltr'><strong>multo</strong></span> <span class='ocrx_word' id='word_1_179' title='bbox 1457 2873 1626 2952; x_wconf 89' lang='lat' dir='ltr'><strong>prius</strong></span> <span class='ocrx_word' id='word_1_180' title='bbox 1670 2873 1873 2934; x_wconf 90' lang='lat' dir='ltr'><strong>locum</strong></span> <span class='ocrx_word' id='word_1_181' title='bbox 1916 2872 2184 2933; x_wconf 86' lang='lat' dir='ltr'><strong>habente</strong></span> <span class='ocrx_word' id='word_1_182' title='bbox 2228 2870 2473 2950; x_wconf 85' lang='lat' dir='ltr'><strong>signifi-</strong></span> 
     </span>
     <span class='ocr_line' id='line_1_26' title="bbox 228 2970 2472 3053; baseline -0 -21"><span class='ocrx_word' id='word_1_183' title='bbox 228 2973 385 3033; x_wconf 77' lang='lat' dir='ltr'><strong>cavit</strong></span> <span class='ocrx_word' id='word_1_184' title='bbox 429 2972 612 3038; x_wconf 62' lang='lat' dir='ltr'><strong>etJad</strong></span> <span class='ocrx_word' id='word_1_185' title='bbox 661 2980 1039 3051; x_wconf 88' lang='lat' dir='ltr'><strong>postremum</strong></span> <span class='ocrx_word' id='word_1_186' title='bbox 1082 2973 1160 3031; x_wconf 90' lang='lat' dir='ltr'><strong>de</strong></span> <span class='ocrx_word' id='word_1_187' title='bbox 1189 2972 1367 3032; x_wconf 75' lang='lat' dir='ltr'><strong>lonis</strong></span> <span class='ocrx_word' id='word_1_188' title='bbox 1411 2973 1475 3032; x_wconf 89' lang='lat' dir='ltr'><strong>in</strong></span> <span class='ocrx_word' id='word_1_189' title='bbox 1516 2974 1860 3053; x_wconf 79' lang='lat' dir='ltr'><strong>Aegyptum</strong></span> <span class='ocrx_word' id='word_1_190' title='bbox 1913 2970 2182 3030; x_wconf 87' lang='lat' dir='ltr'><strong>adventu</strong></span> <span class='ocrx_word' id='word_1_191' title='bbox 2231 2972 2472 3031; x_wconf 86' lang='lat' dir='ltr'><strong>locutus</strong></span> 
     </span>
     <span class='ocr_line' id='line_1_27' title="bbox 227 3073 1769 3151; baseline -0.003 -17"><span class='ocrx_word' id='word_1_192' title='bbox 227 3083 350 3147; x_wconf 68' lang='lat' dir='ltr'><strong>est,</strong></span> <span class='ocrx_word' id='word_1_193' title='bbox 403 3076 499 3134; x_wconf 68' lang='lat' dir='ltr'><strong>sic,-</strong></span> <span class='ocrx_word' id='word_1_194' title='bbox 530 3075 730 3151; x_wconf 85' lang='lat' dir='ltr'><strong>pergit</strong></span> <span class='ocrx_word' id='word_1_195' title='bbox 771 3074 883 3131; x_wconf 54' lang='lat' dir='ltr'><strong>Vs«</strong></span> <span class='ocrx_word' id='word_1_196' title='bbox 909 3073 1030 3134; x_wconf 88' lang='grc'><strong>749</strong></span> <span class='ocrx_word' id='word_1_197' title='bbox 1067 3086 1195 3150; x_wconf 84' lang='lat' dir='ltr'><strong>sq.:</strong></span> <span class='ocrx_word' id='word_1_198' title='bbox 1279 3114 1283 3117; x_wconf 48' lang='lat'><strong>&lt;</strong></span> <span class='ocrx_word' id='word_1_199' title='bbox 1766 3094 1769 3096; x_wconf 94' lang='lat'>·</span> 
     </span>
     <span class='ocr_line' id='line_1_28' title="bbox 334 3169 2176 3251; baseline -0.002 -16"><span class='ocrx_word' id='word_1_200' title='bbox 334 3213 336 3216; x_wconf 94' lang='lat'>-</span> <span class='ocrx_word' id='word_1_201' title='bbox 440 3174 598 3239; x_wconf 89' lang='lat' dir='ltr'><strong>Hinc</strong></span> <span class='ocrx_word' id='word_1_202' title='bbox 640 3174 955 3251; x_wconf 81' lang='lat' dir='ltr'><strong>Epaphus</strong></span> <span class='ocrx_word' id='word_1_203' title='bbox 978 3172 1184 3251; x_wconf 83' lang='lat' dir='ltr'><strong>magni</strong></span> <span class='ocrx_word' id='word_1_204' title='bbox 1228 3171 1469 3251; x_wconf 66' lang='lat' dir='ltr'><strong>genitus⁴</strong></span> <span class='ocrx_word' id='word_1_205' title='bbox 1509 3170 1589 3233; x_wconf 87' lang='lat' dir='ltr'><strong>de</strong></span> <span class='ocrx_word' id='word_1_206' title='bbox 1632 3169 1865 3236; x_wconf 88' lang='lat' dir='ltr'><strong>semine</strong></span> <span class='ocrx_word' id='word_1_207' title='bbox 1911 3169 2176 3233; x_wconf 72' lang='lat' dir='ltr'><strong>tandem</strong></span> 
     </span>
     <span class='ocr_line' id='line_1_29' title="bbox 446 3274 1896 3355; baseline -0.002 -19"><span class='ocrx_word' id='word_1_208' title='bbox 446 3275 713 3339; x_wconf 86' lang='lat' dir='ltr'><strong>creditur</strong></span> <span class='ocrx_word' id='word_1_209' title='bbox 756 3292 893 3338; x_wconf 81' lang='lat' dir='ltr'><strong>esse</strong></span> <span class='ocrx_word' id='word_1_210' title='bbox 932 3274 1122 3338; x_wconf 70' lang='lat' dir='ltr'><strong>Jovis÷</strong></span> <span class='ocrx_word' id='word_1_211' title='bbox 1552 3352 1554 3355; x_wconf 12' lang='lat' dir='ltr'>v</span> <span class='ocrx_word' id='word_1_212' title='bbox 1705 3330 1709 3333; x_wconf 87' lang='lat'>.</span> <span class='ocrx_word' id='word_1_213' title='bbox 1893 3330 1896 3333; x_wconf 83' lang='grc'>,</span> 
     </span>
    </p>

    <p class='ocr_par' dir='ltr' id='par_1_5' title="bbox 217 3372 2470 4360">
     <span class='ocr_line' id='line_1_30' title="bbox 223 3372 2470 3454; baseline 0.001 -21"><span class='ocrx_word' id='word_1_214' title='bbox 223 3377 435 3452; x_wconf 86' lang='lat' dir='ltr'><strong>Neque</strong></span> <span class='ocrx_word' id='word_1_215' title='bbox 493 3376 668 3434; x_wconf 89' lang='lat' dir='ltr'><strong>aliter</strong></span> <span class='ocrx_word' id='word_1_216' title='bbox 711 3375 1046 3454; x_wconf 75' lang='lat' dir='ltr'><strong>Aeschylus</strong></span> <span class='ocrx_word' id='word_1_217' title='bbox 1102 3374 1343 3434; x_wconf 86' lang='lat' dir='ltr'><strong>videtur</strong></span> <span class='ocrx_word' id='word_1_218' title='bbox 1398 3381 1525 3433; x_wconf 89' lang='lat' dir='ltr'><strong>tum</strong></span> <span class='ocrx_word' id='word_1_219' title='bbox 1575 3372 1891 3444; x_wconf 87' lang='lat' dir='ltr'><strong>statuisse,</strong></span> <span class='ocrx_word' id='word_1_220' title='bbox 1964 3394 2147 3451; x_wconf 92' lang='lat' dir='ltr'><strong>quum</strong></span> <span class='ocrx_word' id='word_1_221' title='bbox 2203 3377 2470 3436; x_wconf 89' lang='lat' dir='ltr'><strong>Prome-</strong></span> 
     </span>
     <span class='ocr_line' id='line_1_31' title="bbox 224 3472 2469 3554; baseline 0.001 -21"><span class='ocrx_word' id='word_1_222' title='bbox 224 3477 431 3534; x_wconf 92' lang='lat' dir='ltr'><strong>theum</strong></span> <span class='ocrx_word' id='word_1_223' title='bbox 465 3477 746 3534; x_wconf 87' lang='lat' dir='ltr'><strong>Vinctum</strong></span> <span class='ocrx_word' id='word_1_224' title='bbox 781 3476 1151 3553; x_wconf 87' lang='lat' dir='ltr'><strong>composuit,</strong></span> <span class='ocrx_word' id='word_1_225' title='bbox 1195 3475 1366 3554; x_wconf 91' lang='lat' dir='ltr'><strong>cujus</strong></span> <span class='ocrx_word' id='word_1_226' title='bbox 1411 3472 1660 3532; x_wconf 86' lang='lat' dir='ltr'><strong>fabulae</strong></span> <span class='ocrx_word' id='word_1_227' title='bbox 1703 3473 1871 3543; x_wconf 87' lang='lat' dir='ltr'><strong>loco,</strong></span> <span class='ocrx_word' id='word_1_228' title='bbox 1918 3473 2021 3549; x_wconf 90' lang='lat' dir='ltr'><strong>qui</strong></span> <span class='ocrx_word' id='word_1_229' title='bbox 2063 3474 2284 3553; x_wconf 83' lang='lat' dir='ltr'><strong>legitur</strong></span> <span class='ocrx_word' id='word_1_230' title='bbox 2326 3475 2469 3535; x_wconf 85' lang='lat' dir='ltr'><strong>inde</strong></span> 
     </span>
     <span class='ocr_line' id='line_1_32' title="bbox 223 3573 2468 3652; baseline -0 -17"><span class='ocrx_word' id='word_1_231' title='bbox 223 3595 260 3635; x_wconf 89' lang='lat' dir='ltr'><strong>a</strong></span> <span class='ocrx_word' id='word_1_232' title='bbox 302 3580 406 3637; x_wconf 88' lang='lat' dir='ltr'><strong>Vs.</strong></span> <span class='ocrx_word' id='word_1_233' title='bbox 432 3577 584 3647; x_wconf 85' lang='lat'><strong>666,</strong></span> <span class='ocrx_word' id='word_1_234' title='bbox 632 3573 800 3652; x_wconf 92' lang='lat' dir='ltr'><strong>quod</strong></span> <span class='ocrx_word' id='word_1_235' title='bbox 844 3576 1070 3652; x_wconf 89' lang='lat' dir='ltr'><strong>apertis</strong></span> <span class='ocrx_word' id='word_1_236' title='bbox 1117 3575 1364 3652; x_wconf 89' lang='lat' dir='ltr'><strong>quidem</strong></span> <span class='ocrx_word' id='word_1_237' title='bbox 1407 3576 1611 3634; x_wconf 89' lang='lat' dir='ltr'><strong>verbis</strong></span> <span class='ocrx_word' id='word_1_238' title='bbox 1654 3574 1820 3632; x_wconf 91' lang='lat' dir='ltr'><strong>nulla</strong></span> <span class='ocrx_word' id='word_1_239' title='bbox 1864 3577 2094 3633; x_wconf 89' lang='lat' dir='ltr'><strong>mentio</strong></span> <span class='ocrx_word' id='word_1_240' title='bbox 2139 3574 2208 3633; x_wconf 86' lang='lat' dir='ltr'><strong>fit</strong></span> <span class='ocrx_word' id='word_1_241' title='bbox 2252 3577 2468 3646; x_wconf 79' lang='lat' dir='ltr'><strong>coituS‚</strong></span> 
     </span>
     <span class='ocr_line' id='line_1_33' title="bbox 224 3676 2470 3757; baseline 0.001 -21"><span class='ocrx_word' id='word_1_242' title='bbox 224 3676 325 3754; x_wconf 89' lang='lat' dir='ltr'><strong>qui</strong></span> <span class='ocrx_word' id='word_1_243' title='bbox 372 3695 447 3736; x_wconf 92' lang='lat' dir='ltr'><strong>eo</strong></span> <span class='ocrx_word' id='word_1_244' title='bbox 493 3686 771 3757; x_wconf 89' lang='lat' dir='ltr'><strong>tempore</strong></span> <span class='ocrx_word' id='word_1_245' title='bbox 816 3676 1046 3749; x_wconf 84' lang='lat' dir='ltr'><strong>fuerat,</strong></span> <span class='ocrx_word' id='word_1_246' title='bbox 1112 3677 1189 3736; x_wconf 90' lang='lat' dir='ltr'><strong>de</strong></span> <span class='ocrx_word' id='word_1_247' title='bbox 1235 3697 1359 3755; x_wconf 79' lang='lat' dir='ltr'><strong>quo</strong></span> <span class='ocrx_word' id='word_1_248' title='bbox 1411 3678 1497 3737; x_wconf 87' lang='lat' dir='ltr'><strong>ibi</strong></span> <span class='ocrx_word' id='word_1_249' title='bbox 1553 3695 1758 3740; x_wconf 90' lang='lat' dir='ltr'><strong>sermo</strong></span> <span class='ocrx_word' id='word_1_250' title='bbox 1806 3684 1930 3749; x_wconf 90' lang='lat' dir='ltr'><strong>est,</strong></span> <span class='ocrx_word' id='word_1_251' title='bbox 1990 3677 2171 3736; x_wconf 88' lang='lat' dir='ltr'><strong>facile</strong></span> <span class='ocrx_word' id='word_1_252' title='bbox 2220 3679 2470 3738; x_wconf 89' lang='lat' dir='ltr'><strong>condo-</strong></span> 
     </span>
     <span class='ocr_line' id='line_1_34' title="bbox 222 3775 2466 3854; baseline 0.002 -21"><span class='ocrx_word' id='word_1_253' title='bbox 222 3784 400 3834; x_wconf 90' lang='lat' dir='ltr'><strong>natur</strong></span> <span class='ocrx_word' id='word_1_254' title='bbox 443 3778 576 3835; x_wconf 92' lang='lat' dir='ltr'><strong>loni</strong></span> <span class='ocrx_word' id='word_1_255' title='bbox 622 3778 699 3835; x_wconf 90' lang='lat' dir='ltr'><strong>de</strong></span> <span class='ocrx_word' id='word_1_256' title='bbox 743 3783 936 3835; x_wconf 86' lang='lat' dir='ltr'><strong>semet</strong></span> <span class='ocrx_word' id='word_1_257' title='bbox 977 3775 1112 3854; x_wconf 91' lang='lat' dir='ltr'><strong>ipsa</strong></span> <span class='ocrx_word' id='word_1_258' title='bbox 1155 3777 1448 3854; x_wconf 87' lang='lat' dir='ltr'><strong>loquenti.</strong></span> <span class='ocrx_word' id='word_1_259' title='bbox 1534 3778 1709 3852; x_wconf 86' lang='lat' dir='ltr'><strong>Quae</strong></span> <span class='ocrx_word' id='word_1_260' title='bbox 1746 3777 1797 3836; x_wconf 92' lang='lat' dir='ltr'><strong>si</strong></span> <span class='ocrx_word' id='word_1_261' title='bbox 1832 3797 1981 3838; x_wconf 88' lang='lat' dir='ltr'><strong>vera</strong></span> <span class='ocrx_word' id='word_1_262' title='bbox 2024 3787 2116 3838; x_wconf 88' lang='lat' dir='ltr'><strong>est</strong></span> <span class='ocrx_word' id='word_1_263' title='bbox 2150 3780 2466 3851; x_wconf 88' lang='lat' dir='ltr'><strong>sententia,</strong></span> 
     </span>
     <span class='ocr_line' id='line_1_35' title="bbox 222 3871 2469 3966; baseline 0 -32"><span class='ocrx_word' id='word_1_264' title='bbox 222 3883 507 3955; x_wconf 89' lang='lat' dir='ltr'><strong>apparet,</strong></span> <span class='ocrx_word' id='word_1_265' title='bbox 552 3876 917 3936; x_wconf 88' lang='lat' dir='ltr'><strong>vocabulum</strong></span> <span class='ocrx_word' id='word_1_266' title='bbox 962 3871 1153 3957; x_wconf 80' lang='grc' dir='ltr'><strong><em>ῥύσια</em></strong></span> <span class='ocrx_word' id='word_1_267' title='bbox 1199 3875 1403 3953; x_wconf 92' lang='lat' dir='ltr'><strong>potius</strong></span> <span class='ocrx_word' id='word_1_268' title='bbox 1450 3875 1528 3936; x_wconf 90' lang='lat' dir='ltr'><strong>de</strong></span> <span class='ocrx_word' id='word_1_269' title='bbox 1566 3895 1641 3947; x_wconf 90' lang='lat' dir='ltr'><strong>eo</strong></span> <span class='ocrx_word' id='word_1_270' title='bbox 1681 3895 1820 3936; x_wconf 90' lang='lat' dir='ltr'><strong>esse</strong></span> <span class='ocrx_word' id='word_1_271' title='bbox 1857 3877 2246 3956; x_wconf 91' lang='lat' dir='ltr'><strong>capiendum,</strong></span> <span class='ocrx_word' id='word_1_272' title='bbox 2292 3875 2469 3966; x_wconf 79' lang='lat' dir='ltr'><strong>quod</strong></span> 
     </span>
     <span class='ocr_line' id='line_1_36' title="bbox 218 3974 2464 4059; baseline -0 -22"><span class='ocrx_word' id='word_1_273' title='bbox 218 3974 529 4059; x_wconf 61' lang='lat' dir='ltr'><strong>«Iuppiter</strong></span> <span class='ocrx_word' id='word_1_274' title='bbox 575 3996 814 4038; x_wconf 77' lang='lat' dir='ltr'><strong>manus</strong></span> <span class='ocrx_word' id='word_1_275' title='bbox 853 3975 1361 4035; x_wconf 80' lang='lat' dir='ltr'><strong>contrectatione</strong></span> <span class='ocrx_word' id='word_1_276' title='bbox 1383 3974 1613 4036; x_wconf 85' lang='lat' dir='ltr'><strong>Ionem</strong></span> <span class='ocrx_word' id='word_1_277' title='bbox 1648 3997 1846 4038; x_wconf 83' lang='lat' dir='ltr'><strong>onere</strong></span> <span class='ocrx_word' id='word_1_278' title='bbox 1880 3975 2304 4050; x_wconf 81' lang='lat' dir='ltr'><strong>liberaverat,</strong></span> <span class='ocrx_word' id='word_1_279' title='bbox 2348 3977 2464 4047; x_wconf 87' lang='lat' dir='ltr'><strong>nisi</strong></span> 
     </span>
     <span class='ocr_line' id='line_1_37' title="bbox 218 4076 2463 4157; baseline 0 -20"><span class='ocrx_word' id='word_1_280' title='bbox 218 4080 381 4137; x_wconf 80' lang='lat' dir='ltr'><strong>forte</strong></span> <span class='ocrx_word' id='word_1_281' title='bbox 439 4081 572 4157; x_wconf 91' lang='lat' dir='ltr'><strong>quis</strong></span> <span class='ocrx_word' id='word_1_282' title='bbox 630 4078 858 4136; x_wconf 87' lang='lat' dir='ltr'><strong>mavult</strong></span> <span class='ocrx_word' id='word_1_283' title='bbox 913 4076 989 4135; x_wconf 90' lang='lat' dir='ltr'><strong>de</strong></span> <span class='ocrx_word' id='word_1_284' title='bbox 1043 4076 1288 4153; x_wconf 90' lang='lat' dir='ltr'><strong>Epaphi</strong></span> <span class='ocrx_word' id='word_1_285' title='bbox 1342 4077 1709 4136; x_wconf 85' lang='lat' dir='ltr'><strong>liberatione</strong></span> <span class='ocrx_word' id='word_1_286' title='bbox 1769 4098 1844 4135; x_wconf 83' lang='lat' dir='ltr'><strong>ex</strong></span> <span class='ocrx_word' id='word_1_287' title='bbox 1889 4079 2175 4150; x_wconf 87' lang='lat' dir='ltr'><strong>vinculis,</strong></span> <span class='ocrx_word' id='word_1_288' title='bbox 2244 4079 2463 4155; x_wconf 89' lang='lat' dir='ltr'><strong>quibus</strong></span> 
     </span>
     <span class='ocr_line' id='line_1_38' title="bbox 220 4177 2464 4256; baseline 0.002 -21"><span class='ocrx_word' id='word_1_289' title='bbox 220 4179 393 4253; x_wconf 88' lang='lat' dir='ltr'><strong>quasi</strong></span> <span class='ocrx_word' id='word_1_290' title='bbox 445 4180 770 4237; x_wconf 88' lang='lat' dir='ltr'><strong>tenebatur</strong></span> <span class='ocrx_word' id='word_1_291' title='bbox 821 4180 883 4236; x_wconf 91' lang='lat' dir='ltr'><strong>in</strong></span> <span class='ocrx_word' id='word_1_292' title='bbox 937 4186 1112 4235; x_wconf 88' lang='lat' dir='ltr'><strong>utero</strong></span> <span class='ocrx_word' id='word_1_293' title='bbox 1158 4177 1419 4255; x_wconf 84' lang='lat' dir='ltr'><strong>degens,</strong></span> <span class='ocrx_word' id='word_1_294' title='bbox 1479 4178 1837 4256; x_wconf 87' lang='lat' dir='ltr'><strong>intelligere.</strong></span> <span class='ocrx_word' id='word_1_295' title='bbox 1938 4179 2108 4237; x_wconf 88' lang='lat' dir='ltr'><strong>Haec</strong></span> <span class='ocrx_word' id='word_1_296' title='bbox 2148 4179 2464 4238; x_wconf 84' lang='lat' dir='ltr'><strong>hactenus.</strong></span> 
     </span>
     <span class='ocr_line' id='line_1_39' title="bbox 217 4273 2465 4360; baseline 0.003 -27"><span class='ocrx_word' id='word_1_297' title='bbox 217 4276 349 4335; x_wconf 85' lang='lat' dir='ltr'><strong>Jam</strong></span> <span class='ocrx_word' id='word_1_298' title='bbox 404 4285 469 4337; x_wconf 92' lang='lat' dir='ltr'><strong>ut</strong></span> <span class='ocrx_word' id='word_1_299' title='bbox 524 4277 603 4336; x_wconf 87' lang='lat' dir='ltr'><strong>ad</strong></span> <span class='ocrx_word' id='word_1_300' title='bbox 647 4276 848 4338; x_wconf 90' lang='lat' dir='ltr'><strong>locum</strong></span> <span class='ocrx_word' id='word_1_301' title='bbox 890 4275 1238 4337; x_wconf 89' lang='lat' dir='ltr'><strong>Promethei</strong></span> <span class='ocrx_word' id='word_1_302' title='bbox 1293 4277 1649 4351; x_wconf 78' lang='lat' dir='ltr'><strong>redeamuS,</strong></span> <span class='ocrx_word' id='word_1_303' title='bbox 1709 4275 1780 4338; x_wconf 87' lang='lat' dir='ltr'><strong>fit</strong></span> <span class='ocrx_word' id='word_1_304' title='bbox 1820 4278 2002 4351; x_wconf 90' lang='lat' dir='ltr'><strong>illud,</strong></span> <span class='ocrx_word' id='word_1_305' title='bbox 2060 4278 2230 4357; x_wconf 89' lang='lat' dir='ltr'><strong>quod</strong></span> <span class='ocrx_word' id='word_1_306' title='bbox 2277 4273 2465 4360; x_wconf 82' lang='lat' dir='ltr'><strong>supra</strong></span> 
     </span>
    </p>
   </div>
  </div>
 </body>
</html>
