3022 4934
1447 317 1854 375 —30-

545 487 774 559 Quibus
837 486 897 542 in
959 484 1301 562 anapaestis
1365 504 1506 542 num
1564 483 1754 543 verba
1812 474 2070 563 καθαροὶ
2129 494 2307 567 χωρεῖ
2361 486 2472 540 etc.
2531 499 2747 541 revera

539 592 657 647 sint
699 606 735 646 a
777 592 963 665 poeta
1006 576 1362 653 ἆσυνδετῶς
1412 584 1685 663 subjecta
1733 583 1835 654 iis,
1897 600 2054 659 quae
2101 581 2498 661 praecedunt,
2557 598 2746 658 penes

542 710 649 749 eos
699 686 990 767 judicium
1046 691 1211 756 esto,
1280 683 1380 761 qui
1432 691 1556 743 tam
1598 684 1803 743 felices
1851 681 1996 754 sint,
2051 691 2144 755 ut,
2206 683 2542 765 asyndeton
2584 681 2746 759 apud

535 795 749 868 poetas
806 785 1080 846 scenicos
1138 783 1242 843 ubi
1297 789 1500 863 aptum
1556 784 1660 858 sit,
1724 783 1827 843 ubi
1883 799 2006 841 non
2060 782 2166 855 sit,
2229 801 2296 841 se
2352 790 2518 843 certo
2573 781 2745 852 scire,

534 892 649 949 sibi
691 887 1122 967 persuaserint.
1206 889 1297 944 Ex
1340 905 1479 945 meo
1525 887 1771 964 quidem
1812 905 1993 945 sensu
2032 886 2156 945 hoc
2196 887 2334 945 loco
2376 893 2580 963 aptum
2621 905 2744 943 non

537 998 659 1064 est;
716 989 1001 1065 idemque
1044 986 1194 1046 illud
1237 996 1404 1048 certo
1448 986 1574 1047 scio
1618 986 1900 1047 facillime
1943 987 2244 1049 sublatum
2284 986 2359 1045 iri
2400 985 2540 1045 loco
2584 972 2761 1043 hunc

535 1094 598 1151 in
642 1090 890 1151 modum
934 1094 1200 1146 mutato:

976 1224 1060 1232 —-
1103 1188 1334 1267 γένυος
1388 1191 1663 1273 ξουθῆς,

748 1281 1094 1365 καθαροὲν
1149 1300 1409 1370 χωρεῖν
1461 1282 1571 1352 deo}
1616 1281 2037 1370 φυλλοκόμου

746 1386 1024 1467 μίλακος
1073 1378 1197 1470 ἠχώ
1249 1383 1412 1468 πρὸς
1463 1382 1612 1457 Διὸς
1668 1383 1887 1470 ἕδρας·

755 1510 819 1548 ιν
876 1518 958 1530 -—

525 1588 587 1646 h.
635 1606 687 1645 e.
748 1581 908 1648 ὥστε
955 1596 1175 1668 χωρεῖν
1225 1580 1537 1667 καθαράν
1584 1583 1710 1673 ἠχώ
1763 1595 1879 1649 etc.

688 1707 833 1764 Post
883 1704 984 1761 Vs.
1018 1699 1142 1759 222
1196 1702 1258 1758 in
1303 1703 1482 1761 codd.
1525 1724 1702 1763 mscr.
1748 1702 1810 1766 et
1850 1727 2008 1767 nunc
2061 1710 2363 1786 reperitur
2420 1716 2481 1765 et
2519 1709 2647 1786 jam
2700 1725 2736 1764 a

524 1807 855 1868 scholiasta
888 1803 1134 1871 inventa
1161 1809 1255 1863 est
1287 1799 1784 1890 παρεπιγραφήε
1830 1803 2019 1873 αὐλεῖ
2046 1833 2145 1879 τις
2170 1810 2270 1871 vel
2299 1802 2501 1875 αὐλεῖ.
2558 1806 2737 1866 Haud

521 1912 755 1987 inepte,
798 1926 913 1985 per
947 1925 1015 1965 se
1055 1904 1325 1983 quidem,
1369 1905 1933 1983 nam-lusciniarum
1978 1910 2448 1988 cantusoptime
2492 1916 2737 1987 poterat

525 2010 672 2069 tibia
724 2005 1001 2066 canendo
1059 2005 1237 2064 reddi
1300 2013 1361 2064 et
1401 2006 1505 2065 Vs.
1543 2006 1665 2067 682
1700 2027 1790 2087 sq.
1832 2009 2099 2081 Procne,
2155 2017 2477 2088 postquam
2525 2009 2737 2069 habitu

519 2111 802 2170 tibicinae
857 2124 1102 2168 scenam
1154 2107 1429 2186 ingressa
1483 2114 1601 2179 est,
1662 2107 1726 2166 id
1772 2110 1936 2186 quod
1988 2108 2149 2167 infra
2190 2109 2733 2175 demonstrabimus

518 2209 890 2281 accuratius,
952 2226 1136 2287 quam
1179 2207 1378 2268 adhuc
1419 2207 1646 2269 sactum
1691 2218 1811 2284 est,
1873 2209 2212 2290 appellatur
2253 2209 2349 2271 his
2391 2210 2627 2272 verbis:

824 2299 870 2370 ὦ
923 2301 1287 2390 καλλιβόαν
1338 2305 1623 2388 κρέκουο’

820 2403 1026 2476 αὐλὸν
1080 2410 1463 2496 φθέγμασιν
1511 2404 1783 2495 ἦρινοῑς.

513 2531 634 2590 Sed
680 2530 1020 2607 quaeritur,
1081 2530 1234 2589 sitne
1288 2530 1641 2607 probabile,
1709 2533 1986 2592 Procnen
2032 2532 2161 2611 jam
2212 2531 2316 2590 illo
2369 2532 2508 2592 loco
2562 2532 2729 2591 ceci—

510 2635 689 2692 nisse.
774 2630 922 2690 Mihi
967 2631 1211 2707 quidem
1254 2650 1428 2690 secus
1471 2631 1709 2692 videtur
1750 2631 2135 2692 statuendum
2179 2649 2333 2690 esse.
2426 2631 2561 2690 Non
2603 2649 2728 2707 po—

508 2734 736 2793 stulare
778 2730 929 2788 illud
970 2731 1331 2790 Pisthetaeri
1372 2733 1563 2792 verba
1608 2733 2030 2792 exclamantis:

726 2821 777 2892 ὦ
827 2828 969 2894 Ζεῦ
1021 2830 1357 2911 βασιλεῠ,-
1390 2831 1513 2896 τοῦ
1566 2830 1958 2912 φθέγματας
2004 2824 2423 2911 τούρνιθίου·

727 2926 870 2992 οἷον
925 2930 1394 3009 κατεμελίτωσε
1452 2924 1575 3012 τὴν
1629 2923 1884 3018 λόχμην
1934 2929 2129 3010 ὅλην,

506 3050 663 3110 quae
708 3030 1039 3088 recitantur
1079 3031 1183 3088 Vs.
1214 3031 1334 3091 223
1374 3041 1435 3091 et
1466 3033 1617 3104 224,
1662 3031 2093 3111 in'propatulo
2133 3039 2227 3091 est
2266 3031 2474 3103 situm,
2519 3031 2725 3109 quidni

506 3134 669 3192 enim
730 3129 809 3190 ad
869 3138 1109 3190 cantum
1168 3133 1421 3211 Upupae
1481 3133 1683 3191 locum
1745 3133 2067 3190 arboribus
2129 3132 2349 3211 (iisque
2408 3133 2593 3206 taxis,
2660 3142 2725 3192 ut

502 3239 760 3313 apparet
814 3251 891 3291 ex
932 3233 1034 3292 Vs,
1062 3231 1210 3314 216)
1269 3232 1523 3293 densum
1579 3225 1900 3313 ingressae>
1945 3238 2086 3311 post
2133 3233 2236 3291 Vs.
2272 3231 2394 3291 208
2447 3241 2722 3311 spectare

498 3335 785 3412 possint?
869 3336 1197 3392 Praeterea
1241 3354 1441 3413 neque
1488 3354 1640 3414 opus
1688 3344 1808 3408 est,
1854 3342 1919 3393 ut
1952 3335 2083 3415 jam
2115 3352 2273 3392 nunc
2311 3339 2549 3391 cantum
2584 3334 2725 3394 edat

495 3434 782 3507 luscinia,
840 3441 931 3498 et.
986 3453 1144 3493 nunc
1189 3453 1326 3494 eam
1369 3436 1641 3496 nondum
1684 3435 2003 3507 cecinisse,
2066 3452 2142 3492 ex
2183 3435 2286 3493 Vs.
2320 3431 2441 3492 204
2482 3434 2721 3512 proba-

493 3536 618 3593 bile
661 3534 746 3595 fit.
832 3538 967 3597 Hoc
1011 3539 1171 3598 enim
1212 3539 1353 3598 loco
1400 3559 1585 3617 quum
1627 3541 1842 3619 Upupa
1885 3538 2030 3598 dicit
2070 3535 2439 3615 καλοῦμεν,
2487 3555 2610 3595 non
2653 3556 2720 3596 se

496 3636 690 3693 solam
749 3638 1056 3718 intelligit,
1138 3648 1202 3700 ut
1260 3641 1617 3701 scholiastes
1682 3641 2042 3710 arbitratur,
2124 3638 2235 3698 sed
2296 3655 2362 3696 se
2426 3636 2601 3696 simul
2661 3647 2721 3697 et

494 3737 829 3796 lusciniam.
949 3741 1082 3798 Jam
1145 3761 1297 3801 vero
1364 3743 1505 3820 quia
1567 3744 1782 3821 Upupa
1834 3760 1959 3799 non
2016 3740 2278 3800 advocat
2343 3756 2487 3798 aves
2551 3738 2717 3817 prius

494 3854 676 3914 quam
731 3838 1029 3899 canticum
1087 3843 1273 3914 canit,
1338 3843 1504 3921 quod
1557 3843 1766 3922 incipit
1817 3860 1853 3901 a
1896 3843 1998 3903 Vs.
2031 3842 2182 3915 227,
2244 3847 2718 3900 consentaneum

493 3945 611 4009 est,
676 3947 741 3998 ut
783 3958 897 4001 nec
938 3940 1191 4001 luscinia
1243 3944 1409 4021 prius
1464 3961 1683 4003 canere
1735 3943 2060 4021 inceperit,
2126 3961 2311 4021 quum
2355 3939 2715 4018 praesertim

492 4040 847 4122 participem
898 4042 1083 4104 fuisse
1138 4044 1296 4105 illius
1357 4046 1570 4105 cantici
1625 4053 1856 4106 tantum
1910 4064 2035 4104 non
2089 4050 2320 4103 certum
2372 4042 2465 4100 sit.
2548 4040 2713 4118 Ergo

492 4142 815 4217 probabile
869 4150 993 4216 est,
1064 4144 1577 4230 παρεπιγραφῆν
1627 4167 1751 4208 non
1805 4165 1881 4205 ex
1932 4154 2132 4208 mente
2185 4151 2409 4224 poetae
2453 4142 2714 4221 positam

494 4259 628 4300 esse
674 4244 750 4300 ab
797 4263 903 4319 eo,
966 4243 1070 4323 qui
1110 4248 1412 4324 posuerit,
1470 4248 1884 4329 grammatico.

658 4342 1102 4424 Expergefacta
1135 4347 1387 4409 luscinia
1423 4358 1837 4412 convocantur
1867 4367 2031 4409 aves·
2116 4347 2326 4406 Verba
2358 4345 2514 4405 haec
2546 4353 2709 4405 sunt:
