3022 4934
1408 293 1830 354 -30-

502 459 948 538 inseparabiles
1032 477 1202 531 esse,
1290 457 1670 539 significatur
1743 458 1926 519 etiam
2004 460 2168 521 notis
2243 459 2368 519 illis
2448 461 2758 524 Alcmanis

503 557 2382 617 verbis..

1258 610 1426 739 βάλε
1470 652 1595 738 δή,
1637 657 1843 741 βάλε,
1888 659 2171 746 κηρύλος
2211 663 2358 750 εἴην
2408 704 2415 717 2
2525 685 2529 690 ’

671 756 827 826 ὅστ’
865 762 996 827 ἐπὶ
1043 757 1418 842 κύματος
1453 756 1720 836 ἄνθος
1753 755 1883 845 ἅμ’
1918 757 2396 835 ἀλκυόνεσσι
2425 761 2760 829 ποτᾶται

668 857 859 934 &desc
903 856 1065 944 ἦτορ
1114 866 1299 946 ἔχων,
1340 856 1794 944 ἁλιπόρφυρος
1834 866 2053 943 εἴαρος
2098 856 2303 941 ὄρνις,
2384 906 2387 909 -
2571 906 2579 918 ,

500 978 694 1041 quae
726 960 997 1022 imitatus
1064 966 1159 1021 est
1214 960 1316 1021 hic
1370 966 1561 1040 poeta
1619 961 1723 1021 Vs.
1750 961 1875 1023 250
1927 981 2112 1041 sqq.
2167 960 2457 1030 Voluisse
2509 903 2759 1041 'poetam

500 1064 626 1125 hoc
666 1062 873 1142 ipsum
916 1060 1299 1142 significare,
1345 1059 1552 1123 elucet
1591 1061 1891 1141 imprimis
1936 1082 2014 1124 ex
2044 1081 2148 1139 co,
2188 1062 2387 1142 quod
2383 1060 2540 1122 illas
2571 1062 2760 1142 ejus-

504 1165 648 1224 dem
691 1162 1111 1224 classisaves
1168 1161 1384 1235 binas,
1439 1161 2313 1244 reliquas20mnes0singulas
2348 1160 2644 1245 induxit,
2675 1167 2784 1220 .-et'

504 1260 898 1340 quodriuas,
957 1268 1028 1320 ut
1072 1277 1151 1319 ex
1193 1246 1297 1319 vs.
1333 1259 1461 1320 298
1505 1267 1567 1319 et
1609 1261 1734 1326 299
1762 1257 2077 1336 apparet,
2127 1262 2305 1338 Juxta
2345 1258 2761 1339 ingredientes
2811 1311 2814 1313 ,

500 1357 648 1419 fecit
689 1364 751 1418 et
789 1355 1012 1436 procul
1056 1356 1248 1417 dubio
1311 1356 1496 1417 etiam
1534 1359 1714 1437 juxta
1755 1355 2116 1430 collocatas,
2158 1367 2491 1435 postquam
2533 1359 2762 1425 statio-

500 1477 645 1519 nem
689 1462 985 1538 ceperunt
1044 1455 1110 1515 in
1170 1456 1512 1517 orchestra.
1601 1453 1796 1532 Quin,
1863 1456 1922 1516 si'
1971 1456 2201 1531 verba,
2229 1468 2430 1537 *quae
2472 1466 2614 1519 sunt
2653 1458 2760 1519 Vs,

502 1559 628 1619 250
661 1575 834 1637 sqq„
880 1556 1104 1636 quibus
1147 1555 1683 1637 praesignificatur
1721 1558 1818 1634 id,
1863 1553 2363 1640 (Ῑιιοὼκηρύλος
2389 1558 2586 1619 simul
2620 1576 2760 1623 cum

503 1657 789 1744 alcedine
833 1656 1108 1731 advenit,
1173 1676 1314 1718 cum
1355 1657 1704 1736 pulvisculo
1749 1658 1978 1718 fuerint
2022 1674 2341 1732 excussa,-
2377 1658 2598 1738 Up'upa
2654 1659 2760 1720 vi-

499 1756 635 1818 deri
675 1756 911 1835 poterit
965 1755 1169 1816 solum
1213 1753 1501 1838 κηρύλον
1544 1754 1892 1831 advocare,
1933 1756 2536 1828 non.2simu1.etiam
2579 1757 2759 1819 alce-

501 1857 742 1931 dinem3
804 1856 971 1917 unde
1016 1855 1240 1935 aliquis
1283 1876 1411 1918 non
1454 1858 1587 1918 sine
1631 1858 1842 1937 specie
1870 1857 2028 1919 vveri
2071 1857 2492 1939 conjecturam
2536 1858 2759 1939 capiat,

501 1958 653 2038 fingi
719 1957 973 2018 omnino
1018 1958 1303 2036 Upupam
1347 1958 1657 2019 advocare
1698 1958 1975 2019 voluisse
2030 1956 2236 2018 nullas
2288 1957 2407 2018 nisi
2449 1959 2759 2020 masculas

501 2076 671 2122 aves.
712 2058 841 2119 Nec
882 2055 1172 2137 profecto
1216 2056 1355 2118 fieri
1396 2057 1819 2136 potesaaquin
1841 2057 2125 2118 chorum
2147 2054 2562 2119 *exzmasculis
2598 2079 2760 2120 con-—

499 2166 667 2220 stare
725 2157 944 2219 avibus
989 2162 1291 2230 statuant,
1356 2156 1463 2233 qui
1521 2155 1641 2215 sibi
1689 2158 2149 2233 persuaserint,
2231 2174 2373 2215 eum
2437 2158 2759 2219 concionis

498 2258 721 2340 populi
759 2257 945 2320 Attici
998 2255 1334 2337 imaginem
1375 2255 1634 2316 referre.
1717 2258 1857 2317 Hoc
1887 2255 2306 2320 :certissimum
2344 2256 2616 2334 videtur,
2661 2276 2758 2337 ca,

501 2379 663 2439 quae
703 2359 771 2418 in
811 2359 978 2418 hanc
1021 2376 1154 2416 rem
1197 2357 1508 2434 disputata
1547 2364 1691 2417 sunt
1743 2357 2197 2429 a-scholiasta,
2258 2373 2341 2416 ex
2379 2356 2572 2436 ipsius
2618 2377 2759 2420 csse

499 2457 808 2521 sententia
847 2456 1132 2542 prolata,
1192 2474 1381 2536 quum
1422 2463 1635 2517 cetera
1657 2503 1674 2532 ,
1735 2458 1959 2537 quibus
2003 2457 2085 2518 de
2124 2456 2754 2521 hemichorissermo

501 2566 596 2620 est
616 2606 634 2633 ,
703 2557 935 2620 tradita
1001 2555 1330 2634 acceperit.
1384 2589 1470 2602 —
1533 2555 1718 2629 Quod
1765 2558 1847 2617 ad
1887 2557 2232 2637 ingressum
2293 2556 2470 2617 chori
2523 2559 2759 2635 attinet,

496 2662 628 2740 jam
673 2657 1044 2718 Suev'ernius
1087 2662 1259 2716 recte
1301 2656 1544 2716 monuit
1603 2657 1647 2716 l.
1689 2675 1742 2718 c.
1784 2677 1849 2737 p.
1877 2658 2019 2731 101,
2065 2649 2231 2721 κατοέ
2287 2658 2589 2745 στοίχους
2626 2661 2757 2721 'fa-

501 2766 668 2821 ctum
696 2776 854 2822 esse.
917 2756 1132 2820 Mirari
1165 2756 1566 2836 subitfquod
1600 2775 1792 2817 nemov
1821 2757 1887 2815 in
1916 2758 2123 2816 locum
2156 2774 2347 2835 supra
2379 2758 2756 2839 exscriptum

498 2857 846 2919 accuratius
889 2856 1208 2933 inquisivit
1251 2874 1329 2917 eo
1372 2855 1536 2930 fine,
1580 2855 1963 2929 utvideret,
2007 2854 2160 2935 quid
2203 2855 2282 2914 de
2323 2855 2590 2932 ratione,
2627 2877 2755 2937 qua

496 2957 858 3036 prodissent
900 2955 1261 3030 choreuma,
1306 2956 1511 3034 deque
1556 2973 1774 3015 eorum
1799 2953 2070 3016 statione
2119 2953 2185 3015 in
2232 2954 2574 3016 orchestrav
2598 2958 2757 3018 effici

499 3061 734 3137 posset.
817 3052 1167 3138 Disputavit
1233 3055 1312 3113 de
1370 3055 1469 3114 his
1535 3054 1722 3114 rebus
1781 3052 2083 3133 imprimis
2130 3052 2557 3116 Schneiderus
2614 3055 2658 3133 l.
2701 3074 2755 3116 c.

500 3156 645 3218 adu.
691 3154 848 3228 190,
909 3172 973 3232 p.
1022 3153 1145 3213 190
1194 3170 1373 3232 sqq„
1458 3154 1719 3232 copiose
1781 3154 2065 3231 quidem,
2130 3154 2244 3212 sed
2306 3171 2436 3214 non
2498 3155 2753 3217 omnino

496 3261 684 3317 recte.
768 3248 932 3316 Aves
1000 3251 1081 3314 ab
1146 3270 1226 3314 eo
1284 3250 1484 3314 latere
1534 3251 1846 3331 ingressas
1908 3265 2048 3313 csse
2106 3250 2519 3326 orchestram,
2588 3256 2754 3317 unde

497 3354 778 3421 solerent
821 3353 894 3427 ii,
940 3373 1100 3433 quos
1142 3371 1405 3433 peregre
1458 3352 1756 3414 advenire
1795 3350 2166 3431 fingeretur,
2229 3349 2561 3428 probabile
2594 3372 2754 3430 esse,

495 3474 684 3536 supra
727 3454 1134 3520 ostendimus·
1221 3453 1889 3533 Quaeriturprimum,
1943 3449 2112 3531 'quae
2155 3450 2286 3523 axis
2313 3453 2754 3532 coryphaeum

496 3556 696 3634 egisse
756 3555 1071 3619 credenda
1135 3554 1249 3615 sit.>
1333 3555 1476 3618 Non
1546 3551 1732 3615 video
1797 3551 2087 3630 equidem
2146 3551 2371 3626 ullam,
2399 3606 2403 3609 .
2435 3551 2501 3613 in
2567 3561 2753 3630 qua'm

494 3655 663 3718 hunc
704 3655 1015 3718 honorem
1060 3652 1336 3717 delatum
1379 3652 1575 3713 fuisse
1624 3671 1831 3730 aequo
1870 3653 2011 3732 jure
2054 3651 2608 3715 autumane221iceat
2649 3660 2754 3712 at·-

493 3774 617 3832 que
658 3752 1098 3828 innoctuam,
1161 3752 1571 3834 principalem
1636 3751 1812 3813 illam
1876 3771 2054 3816 avem
2122 3740 2406 3814 Atticam.
2510 3750 2753 3830 Quodsi

492 3873 705 3919 verum
749 3859 877 3930 est,
922 3861 1216 3919 noctuam
1259 3856 1454 3918 fuisse
1501 3854 1877 3937 choragum,
1940 3853 2104 3917 ultro
2170 3854 2485 3935 sequitur,
2530 3859 2598 3914 ut
2639 3876 2751 3919 m-

491 3950 792 4038 ριστερά,
851 3952 1299 4039 κεβλήπυρις,
1347 3949 1567 4038 δρύοψ
1631 3958 1972 4023 secundum
2014 3957 2396 4038 praestantia
2439 3962 2503 4017 et
2543 3956 2751 4039 digni-

490 4062 613 4116 tate
654 4056 864 4117 locum
908 4058 1237 4121 tenuerint.
1344 4058 1562 4137 ltaque
1626 4059 1918 4122 discimus
1967 4078 2045 4121 ex
2077 4059 2226 4120 loco
2289 4054 2543 4132 Comici,
2587 4057 2751 4118 cho-

489 4170 738 4235 ragum,
780 4157 834 4219 si
880 4157 1143 4220 chorum
1196 4178 1458 4239 peregre
1503 4159 1799 4222 advenire
1855 4159 2225 4240 fingeretur,
2286 4155 2480 4221 fuisse
2543 4156 2749 4230 δεξιο·

486 4249 736 4340 στοὶτην
779 4266 840 4321 et
884 4258 1159 4340 optimos
1189 4259 1519 4323 choreutas
1558 4254 2001 4338 δεξιοοτάταςς
2048 4266 2236 4339 atque
2294 4258 2385 4320 ita
2421 4256 2613 4318 fuisse
2650 4254 2749 4319 vel
