3022 4934
1105 235 1528 300 ..95-

1493 396 1545 468 ὦ
1582 405 1893 487 μακαρία,

536 501 702 585 ἥτις
743 506 816 569 ἐν
857 501 1047 584 ἔρωτι
1088 501 1193 570 καὶ
1231 499 1569 580 τοιαύταις
1609 504 1892 579 παιδιαῖς

561 605 685 666 οἴει
727 596 808 665 τά
852 597 1190 690 πράγματ’
1230 592 1399 688 ἧμιν
1443 604 1631 673 εἶναι.

220 707 317 775 Ita
374 701 560 768 enlm.
602 719 758 764 unus
817 702 981 779 liber
1035 704 1232 767 habet
1291 723 1409 785 pro
1473 709 1595 772 οἴει
1657 699 1749 782 τά
1805 697 2091 790 ἡμέτεροι
2132 698 2472 790 πράγματ’

225 803 458 868 εἶναι».
543 804 779 866 Locum
805 804 1240 883 Aristophanis
1283 803 1506 886 injuria
1547 806 1894 869 Meinekius
1937 804 2063 866 huc
2103 806 2305 882 traxit,
2350 824 2474 867 ne-

223 920 349 982 que
388 902 553 969 enim
592 902 901 983 reperitur
940 902 1028 964 ibi
1069 907 1449 983 pronominis
1474 956 1476 958 .
1505 907 1618 968 illa
1658 906 1894 982 forma,
1955 904 2036 967 de
2077 921 2210 985 qua·
2245 906 2466 985 agitur.

219 1002 590 1085 Nuperrime
629 1002 1001 1066 Theodorus
1048 1006 1349 1086 Bergkius
1403 1008 1560 1068 Mus.
1584 1009 1797 1068 'Rhen.
1838 1006 1881 1065 1.
1931 1026 1985 1067 c.
2029 1006 2344 1068 disserens
2389 1004 2471 1065 de

216 1100 360 1162 loco
406 1121 596 1182 supra
651 1104 963 1181 exscripto
1013 1122 1178 1163 »non
1217 1099 1485 1183 potest»,
1536 1104 1766 1183 inquit,
1813 1104 2091 1164 »idoneis
2131 1120 2474 1184 argumen-

217 1200 295 1260 tis
341 1201 767 1280 comprobari,
835 1202 1141 1281 ejusmodi
1200 1202 1404 1263 forma
1479 1222 1748 1283 unquam
1803 1223 1978 1265 usum
2040 1221 2179 1265 esse
2220 1204 2470 1264 Aristo-

213 1300 518 1380 phanem:
573 1301 816 1363 accedit
866 1301 1037 1381 quod
1080 1307 1142 1363 et
1195 1303 1407 1364 inutile
1451 1312 1547 1366 est
1587 1323 1938 1386 pronomen
1981 1310 2043 1366 et
2083 1323 2235 1367 vero
2281 1304 2469 1365 etiam

212 1401 415 1480 ipsum
458 1400 702 1462 dicendi
745 1420 936 1482 genus
979 1395 1250 1483 εἰρήνην
1291 1398 1477 1486 ἄγειν
1518 1407 1649 1471 τινὶ
1670 1423 1911 1482 -parum
1951 1404 2263 1464 usitatum.
2334 1405 2469 1464 Ita—

215 1518 337 1579 que
380 1501 627 1580 scripsi:
697 1494 771 1581 ἢ
800 1499 997 1581 πρίν,
1066 1499 1193 1560 hoc
1235 1501 1409 1560 enim¹
1456 1501 2108 1564 convenientissimum
2171 1509 2265 1564 est
2321 1502 2469 1564 huic

211 1596 377 1674 loco,
420 1598 527 1658 ubi
569 1597 987 1661 Pisthetaerns
1032 1599 1237 1660 avium
1297 1601 1536 1662 animos
1592 1602 1805 1687 magis
1853 1622 2055 1692 quam
2102 1612 2303 1663 antea
2346 1604 2465 1664 sibi

210 1700 571 1761 conciliatos
655 1717 795 1759 esse
873 1698 1361 1761 animadvertit».
1464 1701 1809 1782 Adversum
1870 1722 2053 1783 quem
2113 1702 2455 1781 disputans

208 1799 700 1885 Fleckeisenius.
746 1799 957 1880 »quod
974 1799 1269 1883 Bergkius
1312 1799 1517 1875 dicit»,
1561 1801 1787 1889 aJebat‚
1834 1802 2089 1863 »inutile
2131 1818 2273 1881 esse
2294 1820 2461 1881 pro-

209 1918 472 1972 nomen,
528 1883 676 1981 hoc-
701 1898 901 1958 reddo
943 1898 1136 1978 ipsius
1180 1899 1571 1987 conjecturae
1613 1894 1658 1976 ἢ
1702 1900 1898 1978 πρίν,
1963 1916 2109 1966 nam
2151 1916 2316 1978 quae
2358 1901 2463 1961 al—

206 2005 340 2060 tera
381 1987 557 2058 notio
602 1972 746 2074 apte
789 1995 1085 2076 suppleri
1106 2000 1319 2072 potest
1369 1993 1452 2054 ad
1505 1996 1990 2074 comparativum
2031 1997 2299 2077 μᾶλλον
2342 1997 2462 2058 nisi

202 2094 396 2157 haec:
438 2113 640 2185 quam
684 2096 970 2178 antean?
1051 2095 1248 2158 Porro
1294 2091 1374 2155 de
1413 2091 1735 2161 locutione
1772 2090 2046 2179 εἰρηνην
2089 2089 2279 2177 ἄγειν
2325 2099 2462 2161 τινὶ

200 2193 587 2273 provocabat
641 2191 723 2268 ad
781 2210 898 2266 ea,
968 2208 1131 2274 quae
1169 2172 1503 2276 congessit
1560 2194 1925 2277 Bernhardy
1990 2196 2160 2279 Synt.
2221 2215 2285 2275 p.
2314 2198 2462 2258 100

201 2294 375 2354 Haec
447 2291 739 2372 equidem
797 2295 970 2353 recte
1029 2308 1169 2354 esse
1223 2289 1461 2352 monita
1519 2282 1973 2368 concedebam3
2048 2292 2165 2354 sed
2207 2293 2286 2353 de
2348 2293 2457 2367 illa

200 2396 408 2474 forma
425 2388 618 2475 apud
659 2394 934 2480 comicos
973 2394 1206 2482 poetas
1243 2372 1623 2462 admittenda
1664 2391 1720 2452 si
1781 2411 1911 2452 non
1951 2391 2073 2465 ita,
2141 2396 2210 2452 ut
2249 2391 2456 2470 Berg-

200 2484 363 2571 kius,
406 2502 471 2555 at
510 2495 600 2556 sic
644 2476 842 2570 certe,
886 2499 955 2555 ut
993 2490 1383 2569 DindorfiuS‚
1427 2492 1810 2577 affirmabam
1856 2492 2246 2573 statuendum
2278 2509 2452 2567 esse;

199 2614 623 2682 unoquoque
637 2596 782 2673 loco
861 2590 1287 2674 quaerendum
1346 2613 1520 2678 esse,
1581 2601 1878 2678 possetne
1932 2594 2042 2670 illa
2094 2592 2263 2656 facili
2303 2611 2453 2653 mu-

196 2694 431 2780 tatione
472 2694 540 2755 in
578 2694 1054 2775 perpetuitatem
1093 2674 1427 2794 verborum
1468 2691 1646 2781 illata
1704 2693 1921 2755 videri.
2008 2675 2452 2768 Ostendebam,

195 2774 323 2881 hoc
364 2793 430 2857 in
468 2793 635 2858 hunc
698 2794 926 2873 cadere
968 2794 1211 2856 locum.
1278 2813 1468 2872 quum
1532 2793 1697 2854 enim
1762 2795 1867 2853 Vs.
1892 2788 2024 2855 386
2086 2791 2240 2855 nihil
2274 2794 2452 2877 aliud

197 2878 621 2978 contineretur
655 2913 840 2978 quam
881 2875 990 2957 vs.
1019 2894 1181 2968 383,
1223 2899 1479 3017 poetam
1517 2892 1786 2954 fortasse
1827 2890 2149 2970 scripsisse
2191 2883 2350 2972 ἠμί
2387 2885 2447 2975 y'

193 3015 341 3076 pro
354 2994 548 3079 quim
630 2998 724 3055 De
764 2992 1073 3056 vocabulo
1117 2987 1256 3076 ἦμι
1279 2992 1360 3054 ab
1402 2993 1542 3073 ipso
1582 2990 2002 3072 Aristophane
2048 2995 2112 3051 et
2153 2990 2233 3052 ab
2275 2992 2449 3054 Her-

123 3117 133 3129 ·
193 3096 411 3176 mippo
465 3101 658 3175 poeta
725 3096 968 3172 comico
1022 3101 1331 3175 usurpato
1378 3093 1488 3154 cfr.
1547 3111 1711 3174 quae
1776 3093 2091 3171 congessit
2151 3075 2448 3175 Bergkius

194 3192 274 3254 de
335 3188 768 3276 Aristophanis
837 3213 1028 3277 agens
1092 3194 1453 3277 fragmentis
1521 3192 1664 3253 libri
1735 3210 1775 3252 a
1847 3192 2160 3251 Meinekio
2248 3192 2448 3252 curati

190 3271 333 3356 Vol.
361 3295 448 3360 11.
523 3297 588 3357 P.
635 3295 706 3356 11.
758 3314 824 3374 p.
884 3296 1067 3357 1077.
1190 3293 1526 3356 Moneham
1592 3298 1853 3375 tamen,
1937 3289 2310 3370 particulam
2369 3314 2447 3374 ys

192 3393 350 3455 alias
405 3416 534 3458 non
588 3394 855 3477 reperiri⁴
909 3393 1214 3471 additam;
1282 3392 1398 3455 sed
1456 3386 1597 3454 eam
1661 3410 1793 3454 non
1849 3408 2040 3473 posse
2104 3408 2233 3453 non
2293 3388 2444 3451 ferri

192 3494 638 3560 existimabam.

362 3597 639 3673 Subinde
683 3561 908 3660 chorus
968 3593 1124 3655 belli
1189 3595 1443 3677 gerendi
1488 3592 1750 3663 consilio
1816 3594 2062 3676 abjecto
2116 3592 2445 3673 pristinam

188 3698 519 3773 stationem
559 3696 812 3778 recipit;
854 3695 1270 3758 Pisthetaerus
1315 3703 1503 3776 atque
1542 3693 1913 3774 Euelpides,
1955 3699 2291 3773 postquam
2333 3691 2440 3750 ille

184 3797 589 3880 jurejurando
632 3796 841 3879 adegit
902 3814 1085 3892 aves,
1146 3797 1350 3877 ipsum
1390 3791 1565 3878 μήτε
1621 3789 1893 3861 δάκνειν
1954 3786 2108 3876 μήτ’
2146 3782 2441 3875 ὀρχίπεδ’

188 3899 402 3974 ἕλκειν
440 3895 596 3980 μήτ’
620 3892 919 3981 ὀρύττειν
930 3888 1368 3979 τωφθαλμῶ,
1407 3903 1471 3958 ιιι
1511 3894 1595 3957 ad
1633 3894 1802 3969 hunc
1845 3913 1921 3956 ea
1964 3889 2186 3952 direxit
2224 3886 2438 3968 verba,

191 4013 352 4076 quae
393 4015 586 4077 supra
624 4017 688 4080 p.
718 3997 800 4059 36
839 3996 1079 4074 integra
1119 4002 1588 4075 repraesentata
1629 4001 1805 4070 sunt,
1850 3989 2238 4056 πανοπλίαν
2279 4006 2437 4067 pre—

186 4098 476 4169 hendunt*
507 4107 572 4163 et
612 4098 995 4182 suspendunt
1034 4098 1097 4158 in
1141 4096 1364 4172 culina.
1450 4098 1591 4171 Quo
1637 4092 1803 4154 facto
1860 4090 2089 4154 chorus
2115 4088 2213 4151 ab
2256 4088 2436 4154 initio

183 4199 500 4278 sequentis
542 4219 769 4275 scenae
813 4201 897 4263 ita
940 4196 1222 4280 appellat·
1254 4197 1738 4260 Pisthetaerum:
