3022 4934
1114 316 1526 377 ...39-

213 488 333 549 tab.
363 487 560 549 XLIX
604 489 772 549 etL.
802 521 882 532 —
969 486 1121 545 Tum
1164 483 1610 565 inquirendum*
1642 493 1731 547 est
1780 488 2110 568 secundum
2159 489 2406 553 Pisthe-

213 598 476 666 taerum,
518 591 620 661 τίς
658 585 822 651 ποθ’
864 580 910 669 ἦ
942 582 1297 669 λόφωσιςῆ
1335 586 1467 651 τῶν
1508 577 1744 667 ὄρνὲων
1756 613 1780 663 3
1821 590 2183 670 Conspirant
2221 595 2285 652 in
2327 614 2404 653 eo

208 692 321 753 viri
365 690 559 762 docti,
618 695 692 747 ut'
739 682 1017 769 λόφωσιν
1071 689 1272 751 avium
1287 718 1297 738 κ
1321 688 1529 748 cristas
1576 688 1915 770 significare
1965 693 2235 754 credant.
2331 694 2407 751 Et

208 792 415 852 cristas
476 787 709 847 babere
763 793 887 847 tam
941 787 1162 869 gallum
1214 787 1609 869 gallinaceum
1661 807 1843 869 quam
1906 810 2199 871 upupam,
2269 812 2405 853 cum

202 891 361 949 inter
403 909 612 950 omnes
656 895 919 963 constat,
978 880 1137 964 tum,
1196 889 1249 949 si
1290 889 1688 964 nesciremus,
1748 909 1824 951 ex
1863 890 1984 951 hac
2024 892 2159 970 ipsa
2199 895 2405 954 fabula

201 1010 516 1069 possemus
555 991 816 1067 discere;
860 990 996 1051 vide
1035 991 1112 1051 de
1154 993 1261 1053 illo
1304 994 1414 1053 Vs.
1434 992 1597 1052 1366
1629 998 1691 1051 et
1718 991 1860 1065 487,
1904 992 1984 1051 de
2018 992 2138 1053 hac
2176 994 2279 1054 vs.
2302 995 2402 1055 94.

197 1094 330 1153 Jam
366 1093 582 1172 siquis
616 1091 936 1154 attenderit
970 1092 1051 1153 ad
1084 1093 1178 1167 id,
1223 1093 1395 1172 quod-
1418 1094 1523 1153 Vs.
1544 1093 1665 1153 487
1700 1093 1841 1172 galli
1874 1093 2190 1172 gallinacei
2225 1096 2406 1154 crista

196 1201 363 1255 recta
390 1195 740 1275 appellatur
782 1193 1131 1276 κυρβασία,
1172 1193 1236 1254 h.
1264 1213 1317 1254 e.
1341 1193 1497 1254 tiara
1526 1200 1721 1268 recta,
1759 1192 2008 1273 'qualem
2040 1214 2219 1276 reges
2246 1195 2405 1255 Per-

195 1314 397 1357 sarum
452 1296 801 1378 gestabant,
872 1295 1049 1355 facile
1103 1295 1218 1354 sibi
1273 1295 1335 1353 in
1392 1297 1658 1355 animum
1716 1295 1991 1368 inducat,
2061 1304 2127 1357 ut
2190 1298 2400 1359 cristas

196 1397 396 1458 avium
444 1399 680 1460 referre
733 1400 949 1473 tiaras,
1007 1406 1068 1459 et
1121 1398 1243 1458 hoc
1297 1397 1536 1459 musicis
1588 1399 1904 1478 proprium
1956 1399 2142 1459 fuisse
2192 1400 2402 1478 capitis

191 1501 608 1579 tegimentum,
652 1507 891 1562 statuat.
973 1501 1051 1561 Et
1089 1499 1400 1578 profecto,
1447 1499 1570 1558 hoc
1608 1499 1754 1577 pilei
1796 1517 2020 1579 genere
2059 1502 2125 1557 in
2165 1501 2401 1557 Asianis

191 1600 448 1659 maxime
499 1601 844 1660 nationibus
895 1621 1009 1661 usu
1059 1599 1366 1672 veniente,
1421 1596 1559 1657 fieri
1602 1598 1848 1658 omnino
1892 1617 2017 1658 non
2060 1617 2244 1679 posse
2262 1645 2277 1672 ,
2331 1606 2402 1657 ut

189 1701 449 1762 musicos
493 1701 810 1761 credamus
864 1721 1007 1760 usos
1054 1719 1218 1772 esse,
1275 1700 1377 1760 vix
1426 1699 1833 1774 contenderit,
1896 1699 1998 1778 qui
2039 1699 2398 1771 meminerit,

189 1809 379 1863 artem
432 1803 591 1865 tibiis
646 1802 903 1864 canendi
954 1804 1216 1882 primum
1270 1800 1349 1860 ab
1391 1799 1628 1861 Asianis
1685 1819 1821 1861 esse
1862 1802 2168 1862 inventam
2209 1809 2392 1881 atque

187 1904 484 1965 excultam
544 1911 603 1965 et
656 1904 757 1964 vel
814 1904 1115 1963 Alcmanis
1170 1909 1396 1981 poetae
1454 1901 1832 1979 temporibus
1889 1903 1954 1962 in
2014 1899 2272 1961 Graecia
2331 1911 2397 1961 ut

182 2005 504 2083 plurimum
563 2006 640 2064 ab
695 1999 948 2062 Asianis
977 2002 1178 2063 'servis
1232 2004 1332 2063 vel
1387 2003 1780 2063 mercenariis
1825 2003 2196 2080 ⁴exercitam3
2254 2003 2395 2063 vide

181 2108 321 2167 libri
349 2106 759 2179 Muelleriani,
802 2122 926 2183 quo
959 2103 1036 2162 de
1066 2097 1332 2165 Etruscis
1369 2105 1676 2184 exposuit,
1719 2104 1854 2165 Vol.
1877 2105 1950 2164 Π.
1992 2125 2053 2183 p.
2081 2102 2201 2166 201
2233 2124 2394 2185 sqq.;

183 2215 388 2287 atque
408 2210 699 2269 citharam
745 2214 806 2266 et
843 2205 1052 2264 vocari
1093 2197 1369 2268 Ἀσιάδα
1414 2213 1475 2265 et
1514 2205 1576 2264 in
1618 2205 1810 2286 Lydia
1862 2209 2125 2285 primum
2167 2226 2392 2285 reper-

179 2317 304 2369 tam
347 2309 542 2384 credi,
604 2310 713 2370 cfr.
757 2325 914 2387 quae
957 2311 1394 2386 congesserunt
1441 2306 1807 2386 interpretes
1850 2306 1930 2367 ad
1970 2309 2393 2391 Aristophanis

180 2410 720 2491 Thesmophoriaz.
775 2410 879 2470 Vs.
926 2409 1076 2481 120,
1139 2407 1354 2486 quibus
1412 2407 1571 2469 adde
1627 2411 1828 2469 locum
1884 2411 2142 2472 Diodori
2189 2416 2247 2488 1,
2294 2416 2389 2475 16.

178 2513 252 2573 Ut
302 2513 563 2591 reliquus
606 2511 975 2572 musicorum
1015 2511 1264 2571 vestitus
1321 2517 1502 2589 atque
1549 2518 1799 2570 ornatus
1843 2512 1983 2591 jure
2037 2514 2118 2573 ad
2156 2515 2388 2575 Asiati—

179 2630 308 2670 cam
352 2612 618 2671 refertur
661 2611 987 2690 originem,
1031 2610 1115 2668 ita
1158 2610 1365 2687 quidni
1406 2617 1761 2684 statuamuS,
1804 2610 1942 2670 fieri
1980 2614 2279 2691 potuisse,
2322 2625 2389 2677 ut

178 2712 360 2771 etiam
415 2712 634 2790 capitis⁴
681 2712 1071 2791 tegimentum
1116 2710 1352 2770 Asianis
1402 2711 1721 2790 proprium
1775 2720 1940 2770 certe
1990 2719 2143 2787 tum,
2203 2736 2388 2794 quum

173 2813 356 2891 pleno
415 2820 475 2872 et
525 2812 803 2893 legitimo
855 2817 1073 2869 ornatu
1125 2829 1282 2889 opus
1339 2820 1532 2884 esset,
1590 2812 1953 2872 retineretur
1996 2833 2044 2873 a
2097 2817 2338 2876 music-is
2358 2820 2387 2877 ¹?

174 2914 399 2972 Verum
456 2914 616 2973 enim
669 2930 819 2973 vero
874 2911 1030 2971 baec
1082 2929 1447 2989 quamquam
1514 2912 1714 2989 primo
1785 2912 1995 2970 obtutu
2052 2931 2385 2992 sanequam

171 3017 451 3098 speciosa
502 3020 637 3073 eSSe
680 3013 979 3071 sententia
1024 3011 1286 3083 videtur,
1348 3031 1497 3069 cum>
1524 3010 1654 3070 aliis
1701 3011 2036 3074 rationibus
2081 3022 2144 3076 et
2183 3019 2383 3079 ratio-

170 3115 565 3179 cinationibus
620 3112 863 3192 infringi
913 3117 1146 3191 potest‚
1202 3119 1330 3170 tum
1373 3130 1518 3170 eam·
1553 3114 1635 3173 ob
1678 3132 1956 3173 caussam
2007 3118 2174 3177 omni
2209 3129 2386 3181 caret

166 3213 713 3303 verisimilitudine,
776 3213 942 3291 quod
996 3214 1143 3292 pilei
1193 3213 1344 3271 illud
1398 3232 1587 3292 genus
1641 3233 1842 3294 neque
1901 3236 1937 3275 a
1986 3220 2382 3298 scriptoribus

164 3316 495 3379 veteribus·-
516 3318 1031 3373 commemoratur
1061 3319 1358 3392 ‘tanquam
1389 3314 1757 3373 musicorum
1793 3319 2134 3395 proprium,
2178 3339 2380 3400 neque

162 3422 223 3480 in
247 3420 391 3480 artis
424 3416 709 3497 operibus
743 3414 1132 3492 conspicuum
1159 3423 1252 3474 est
1279 3432 1544 3492 unquam
1569 3415 1631 3474 in
1667 3418 1962 3495 capitibus
1989 3404 2378 3484 musicorum.

162 3523 483 3600 Utriusque
518 3515 758 3599 generis
789 3515 1136 3575 testimonia
1173 3514 1423 3588 docent,
1470 3535 1730 3576 coronas
1766 3529 1870 3579 aut
1903 3525 2078 3582 veras
2113 3533 2217 3584 aut
2247 3534 2379 3585 arte

162 3624 351 3684 factas
405 3628 509 3680 aut
559 3626 846 3695 utrasque
896 3616 1073 3676 simul
1128 3614 1229 3697 (de
1275 3637 1396 3695 quo
1440 3625 1752 3698 postremo
1798 3622 1904 3680 cfr.
1949 3625 2120 3682 verbi
2165 3643 2378 3686 caussa

160 3727 307 3786 Stat.
330 3723 523 3785 Theb.
545 3721 653 3795 vl,
680 3716 820 3799 366)
863 3719 1181 3797 proprium
1216 3721 1581 3781 musicorum
1613 3722 1823 3801 capitis
1855 3732 2138 3787 ornatum
2171 3728 2376 3790 fuisse.

155 3829 319 3909 Ergo
394 3822 612 3903 aliquis
691 3819 947 3893 dixerit,
1029 3822 1381 3882 verosimile
1448 3842 1619 3898 esse,
1703 3825 2180 3908 Aristophanem
2244 3830 2367 3889 cri-

155 3928 262 3989 stis
318 3927 441 3988 illis
500 3932 604 3986 aut
653 3924 767 3984 bas
821 3936 1085 3982 coronas
1142 3926 1619 4002 repraesentari,
1679 3936 1786 3990 aut
1839 3931 2024 4005 nihil,
2081 3930 2367 3992 voluisse.

152 4031 389 4105 Audio;
449 4027 560 4114 sed
600 4027 725 4088 hoc
766 4031 976 4087 verum
1020 4029 1156 4084 esse
1199 4045 1359 4106 nego
1405 4045 1478 4088 ac
1520 4046 1827 4108 pernego,
1889 4029 2073 4106 illud,
2133 4032 2366 4106 dubito,

155 4152 299 4193 num
341 4126 663 4213 probabile
707 4125 813 4189 aut
853 4133 1075 4210 aptum
1102 4125 1197 4186 sit.
1279 4127 1466 4214 Quid,
1510 4130 1563 4189 si
1607 4149 1819 4191 omnes
1858 4130 2000 4193 illas
2049 4152 2190 4195 aves
2230 4156 2370 4196 non

156 4233 436 4295 cristatas
499 4235 833 4314 productas
894 4251 1031 4292 esse
1096 4229 1476 4293 dixerimus?
1560 4234 1698 4294 Hoc
1764 4244 1994 4296 certum
2051 4243 2174 4312 est,
2241 4258 2369 4299 non

154 4352 373 4392 omnes
416 4336 693 4397 cristatas
738 4335 1072 4414 productas
1118 4351 1269 4392 esse.
1356 4334 1447 4393 De
1492 4352 1567 4394 ea
1610 4334 1896 4415 quidem,
1962 4356 2122 4417 quae
2166 4365 2368 4407 κατω-
