<?xml version="1.0" encoding="UTF-8"?>
<!DOCTYPE html PUBLIC "-//W3C//DTD XHTML 1.0 Transitional//EN"
    "http://www.w3.org/TR/xhtml1/DTD/xhtml1-transitional.dtd">
<html xmlns="http://www.w3.org/1999/xhtml" xml:lang="en" lang="en">
 <head>
  <title>
</title>
<meta http-equiv="Content-Type" content="text/html;charset=utf-8" />
  <meta name='ocr-system' content='tesseract 3.04.00' />
  <meta name='ocr-capabilities' content='ocr_page ocr_carea ocr_par ocr_line ocrx_word'/>
</head>
<body>
  <div class='ocr_page' id='page_1' title='image "4770919_0051.png"; bbox 0 0 3022 4934; ppageno 0'>
   <div class='ocr_carea' id='block_1_1' title="bbox 1096 326 1507 387">
    <p class='ocr_par' dir='ltr' id='par_1_1' title="bbox 1096 326 1507 387">
     <span class='ocr_line' id='line_1_1' title="bbox 1096 326 1507 387; baseline 0 -15"><span class='ocrx_word' id='word_1_1' title='bbox 1096 326 1507 387; x_wconf 64' lang='lat'><strong>...37-</strong></span> 
     </span>
    </p>
   </div>
   <div class='ocr_carea' id='block_1_2' title="bbox 201 492 2409 984">
    <p class='ocr_par' dir='ltr' id='par_1_2' title="bbox 201 492 2409 984">
     <span class='ocr_line' id='line_1_2' title="bbox 205 492 2406 572; baseline 0.001 -22"><span class='ocrx_word' id='word_1_2' title='bbox 205 492 549 554; x_wconf 84' lang='lat' dir='ltr'><strong>hominibus</strong></span> <span class='ocrx_word' id='word_1_3' title='bbox 592 494 913 567; x_wconf 84' lang='lat' dir='ltr'><strong>tribuatur,</strong></span> <span class='ocrx_word' id='word_1_4' title='bbox 967 511 1044 552; x_wconf 86' lang='lat' dir='ltr'><strong>ex</strong></span> <span class='ocrx_word' id='word_1_5' title='bbox 1082 493 1252 566; x_wconf 90' lang='lat' dir='ltr'><strong>loco,</strong></span> <span class='ocrx_word' id='word_1_6' title='bbox 1318 494 1421 572; x_wconf 89' lang='lat' dir='ltr'><strong>qui</strong></span> <span class='ocrx_word' id='word_1_7' title='bbox 1472 499 1564 553; x_wconf 89' lang='lat' dir='ltr'><strong>est</strong></span> <span class='ocrx_word' id='word_1_8' title='bbox 1604 495 1704 555; x_wconf 91' lang='lat' dir='ltr'><strong>Vs.</strong></span> <span class='ocrx_word' id='word_1_9' title='bbox 1737 495 1864 556; x_wconf 81' lang='lat'><strong>358</strong></span> <span class='ocrx_word' id='word_1_10' title='bbox 1899 512 2064 572; x_wconf 88' lang='lat' dir='ltr'><strong>sqq.‚</strong></span> <span class='ocrx_word' id='word_1_11' title='bbox 2132 497 2406 572; x_wconf 85' lang='lat' dir='ltr'><strong>apparet,</strong></span> 
     </span>
     <span class='ocr_line' id='line_1_3' title="bbox 207 592 2407 675; baseline 0.001 -24"><span class='ocrx_word' id='word_1_12' title='bbox 207 599 268 654; x_wconf 87' lang='lat' dir='ltr'><strong>et</strong></span> <span class='ocrx_word' id='word_1_13' title='bbox 310 593 476 673; x_wconf 86' lang='lat' dir='ltr'><strong>quod</strong></span> <span class='ocrx_word' id='word_1_14' title='bbox 526 592 894 655; x_wconf 84' lang='lat' dir='ltr'><strong>facetissimo</strong></span> <span class='ocrx_word' id='word_1_15' title='bbox 945 599 1130 672; x_wconf 89' lang='lat' dir='ltr'><strong>poeta</strong></span> <span class='ocrx_word' id='word_1_16' title='bbox 1172 608 1288 673; x_wconf 89' lang='lat' dir='ltr'><strong>per</strong></span> <span class='ocrx_word' id='word_1_17' title='bbox 1328 599 1420 654; x_wconf 90' lang='lat' dir='ltr'><strong>est</strong></span> <span class='ocrx_word' id='word_1_18' title='bbox 1461 592 1734 675; x_wconf 85' lang='lat' dir='ltr'><strong>dignum,</strong></span> <span class='ocrx_word' id='word_1_19' title='bbox 1790 595 1844 657; x_wconf 89' lang='lat' dir='ltr'><strong>si</strong></span> <span class='ocrx_word' id='word_1_20' title='bbox 1886 612 2037 656; x_wconf 90' lang='lat' dir='ltr'><strong>unus</strong></span> <span class='ocrx_word' id='word_1_21' title='bbox 2079 592 2407 672; x_wconf 82' lang='lat' dir='ltr'><strong>Euelpides</strong></span> 
     </span>
     <span class='ocr_line' id='line_1_4' title="bbox 202 685 2406 775; baseline -0 -23"><span class='ocrx_word' id='word_1_22' title='bbox 202 693 421 772; x_wconf 79' lang='lat' dir='ltr'><strong>plurali</strong></span> <span class='ocrx_word' id='word_1_23' title='bbox 472 711 729 751; x_wconf 91' lang='lat' dir='ltr'><strong>numero</strong></span> <span class='ocrx_word' id='word_1_24' title='bbox 779 693 1116 771; x_wconf 88' lang='lat' dir='ltr'><strong>appellatur</strong></span> <span class='ocrx_word' id='word_1_25' title='bbox 1168 685 1286 775; x_wconf 69' lang='grc' dir='ltr'><strong>λεῷ</strong></span> <span class='ocrx_word' id='word_1_26' title='bbox 1340 700 1400 753; x_wconf 89' lang='lat' dir='ltr'><strong>et</strong></span> <span class='ocrx_word' id='word_1_27' title='bbox 1452 688 1734 759; x_wconf 78' lang='grc' dir='ltr'><strong>ὁπλῖται.</strong></span> <span class='ocrx_word' id='word_1_28' title='bbox 1838 696 2024 755; x_wconf 88' lang='lat' dir='ltr'><strong>Recte</strong></span> <span class='ocrx_word' id='word_1_29' title='bbox 2069 694 2200 774; x_wconf 87' lang='lat' dir='ltr'><strong>jam</strong></span> <span class='ocrx_word' id='word_1_30' title='bbox 2247 691 2406 752; x_wconf 89' lang='lat' dir='ltr'><strong>Din—</strong></span> 
     </span>
     <span class='ocr_line' id='line_1_5' title="bbox 201 791 2409 875; baseline -0.001 -22"><span class='ocrx_word' id='word_1_31' title='bbox 201 792 432 853; x_wconf 86' lang='lat' dir='ltr'><strong>dorfius</strong></span> <span class='ocrx_word' id='word_1_32' title='bbox 487 792 551 852; x_wconf 93' lang='lat' dir='ltr'><strong>in</strong></span> <span class='ocrx_word' id='word_1_33' title='bbox 608 812 682 853; x_wconf 90' lang='lat' dir='ltr'><strong>ea</strong></span> <span class='ocrx_word' id='word_1_34' title='bbox 736 795 1155 875; x_wconf 83' lang='lat' dir='ltr'><strong>Aristophanis</strong></span> <span class='ocrx_word' id='word_1_35' title='bbox 1214 793 1507 868; x_wconf 79' lang='lat' dir='ltr'><strong>editione,</strong></span> <span class='ocrx_word' id='word_1_36' title='bbox 1581 812 1742 872; x_wconf 87' lang='lat' dir='ltr'><strong>quae</strong></span> <span class='ocrx_word' id='word_1_37' title='bbox 1796 793 2017 853; x_wconf 88' lang='lat' dir='ltr'><strong>Oxonii</strong></span> <span class='ocrx_word' id='word_1_38' title='bbox 2072 793 2293 853; x_wconf 89' lang='lat' dir='ltr'><strong>emissa</strong></span> <span class='ocrx_word' id='word_1_39' title='bbox 2346 791 2409 849; x_wconf 90' lang='lat' dir='ltr'><strong>in</strong></span> 
     </span>
     <span class='ocr_line' id='line_1_6' title="bbox 201 891 2407 984; baseline -0.002 -30"><span class='ocrx_word' id='word_1_40' title='bbox 201 894 398 955; x_wconf 87' lang='lat' dir='ltr'><strong>lucem</strong></span> <span class='ocrx_word' id='word_1_41' title='bbox 441 902 562 971; x_wconf 87' lang='lat' dir='ltr'><strong>est,</strong></span> <span class='ocrx_word' id='word_1_42' title='bbox 604 897 826 969; x_wconf 84' lang='lat' dir='ltr'><strong>verba,</strong></span> <span class='ocrx_word' id='word_1_43' title='bbox 871 895 949 956; x_wconf 90' lang='lat' dir='ltr'><strong>de</strong></span> <span class='ocrx_word' id='word_1_44' title='bbox 982 895 1199 974; x_wconf 88' lang='lat' dir='ltr'><strong>quibus</strong></span> <span class='ocrx_word' id='word_1_45' title='bbox 1231 895 1732 984; x_wconf 83' lang='lat' dir='ltr'><strong>sermocinamur,</strong></span> <span class='ocrx_word' id='word_1_46' title='bbox 1775 893 2149 954; x_wconf 89' lang='lat' dir='ltr'><strong>Pisthetaero</strong></span> <span class='ocrx_word' id='word_1_47' title='bbox 2181 891 2407 952; x_wconf 86' lang='lat' dir='ltr'><strong>tribuit.</strong></span> 
     </span>
    </p>
   </div>
   <div class='ocr_carea' id='block_1_3' title="bbox 199 1088 2409 1248">
    <p class='ocr_par' dir='ltr' id='par_1_3' title="bbox 199 1088 2409 1248">
     <span class='ocr_line' id='line_1_7' title="bbox 199 1088 2409 1162; baseline -0.004 -17"><span class='ocrx_word' id='word_1_48' title='bbox 199 1096 623 1157; x_wconf 77' lang='lat' dir='ltr'><strong>Demonstratur,</strong></span> <span class='ocrx_word' id='word_1_49' title='bbox 650 1097 900 1162; x_wconf 76' lang='lat' dir='ltr'><strong>quattuor</strong></span> <span class='ocrx_word' id='word_1_50' title='bbox 931 1093 1055 1143; x_wconf 79' lang='lat' dir='ltr'><strong>illas</strong></span> <span class='ocrx_word' id='word_1_51' title='bbox 1089 1111 1209 1146; x_wconf 72' lang='lat' dir='ltr'><strong>aves</strong></span> <span class='ocrx_word' id='word_1_52' title='bbox 1234 1094 1465 1144; x_wconf 84' lang='lat' dir='ltr'><strong>musicos</strong></span> <span class='ocrx_word' id='word_1_53' title='bbox 1495 1093 1644 1144; x_wconf 82' lang='lat' dir='ltr'><strong>chori</strong></span> <span class='ocrx_word' id='word_1_54' title='bbox 1669 1109 1803 1144; x_wconf 83' lang='lat' dir='ltr'><strong>esse.</strong></span> <span class='ocrx_word' id='word_1_55' title='bbox 1877 1092 2222 1160; x_wconf 71' lang='lat' dir='ltr'><strong>Explicantur</strong></span> <span class='ocrx_word' id='word_1_56' title='bbox 2248 1088 2409 1139; x_wconf 76' lang='lat' dir='ltr'><strong>verba</strong></span> 
     </span>
     <span class='ocr_line' id='line_1_8' title="bbox 382 1177 2218 1248; baseline -0.005 -15"><span class='ocrx_word' id='word_1_57' title='bbox 382 1187 592 1248; x_wconf 76' lang='lat' dir='ltr'><strong>poetae.</strong></span> <span class='ocrx_word' id='word_1_58' title='bbox 665 1180 854 1245; x_wconf 75' lang='lat' dir='ltr'><strong>Agitur</strong></span> <span class='ocrx_word' id='word_1_59' title='bbox 888 1179 953 1227; x_wconf 90' lang='lat' dir='ltr'><strong>de</strong></span> <span class='ocrx_word' id='word_1_60' title='bbox 989 1180 1163 1244; x_wconf 80' lang='lat' dir='ltr'><strong>patria</strong></span> <span class='ocrx_word' id='word_1_61' title='bbox 1196 1179 1367 1245; x_wconf 78' lang='lat' dir='ltr'><strong>deque</strong></span> <span class='ocrx_word' id='word_1_62' title='bbox 1402 1177 1589 1228; x_wconf 76' lang='lat' dir='ltr'><strong>babitu</strong></span> <span class='ocrx_word' id='word_1_63' title='bbox 1627 1179 1839 1229; x_wconf 79' lang='lat' dir='ltr'><strong>scenico</strong></span> <span class='ocrx_word' id='word_1_64' title='bbox 1879 1178 2218 1228; x_wconf 75' lang='lat' dir='ltr'><strong>musicorum.</strong></span> 
     </span>
    </p>
   </div>
   <div class='ocr_carea' id='block_1_4' title="bbox 182 1281 2445 4425">
    <p class='ocr_par' dir='ltr' id='par_1_4' title="bbox 182 1281 2445 4425">
     <span class='ocr_line' id='line_1_9' title="bbox 360 1281 2407 1381; baseline 0 -25"><span class='ocrx_word' id='word_1_65' title='bbox 360 1300 526 1380; x_wconf 84' lang='lat' dir='ltr'><strong>Ergo</strong></span> <span class='ocrx_word' id='word_1_66' title='bbox 569 1281 752 1360; x_wconf 84' lang='lat' dir='ltr'><strong>aliam</strong></span> <span class='ocrx_word' id='word_1_67' title='bbox 790 1302 1026 1359; x_wconf 88' lang='lat' dir='ltr'><strong>illarum</strong></span> <span class='ocrx_word' id='word_1_68' title='bbox 1069 1307 1353 1379; x_wconf 86' lang='lat' dir='ltr'><strong>quattuor</strong></span> <span class='ocrx_word' id='word_1_69' title='bbox 1394 1301 1594 1360; x_wconf 85' lang='lat' dir='ltr'><strong>avium</strong></span> <span class='ocrx_word' id='word_1_70' title='bbox 1638 1301 2097 1381; x_wconf 83' lang='lat' dir='ltr'><strong>explicationem</strong></span> <span class='ocrx_word' id='word_1_71' title='bbox 2140 1298 2407 1357; x_wconf 89' lang='lat' dir='ltr'><strong>circum—</strong></span> 
     </span>
     <span class='ocr_line' id='line_1_10' title="bbox 194 1396 2409 1483; baseline -0.004 -21"><span class='ocrx_word' id='word_1_72' title='bbox 194 1400 515 1481; x_wconf 84' lang='lat' dir='ltr'><strong>spiciamus</strong></span> <span class='ocrx_word' id='word_1_73' title='bbox 560 1408 820 1483; x_wconf 89' lang='lat' dir='ltr'><strong>oportet.</strong></span> <span class='ocrx_word' id='word_1_74' title='bbox 904 1400 1042 1474; x_wconf 88' lang='lat' dir='ltr'><strong>Qua</strong></span> <span class='ocrx_word' id='word_1_75' title='bbox 1080 1401 1143 1460; x_wconf 92' lang='lat' dir='ltr'><strong>in</strong></span> <span class='ocrx_word' id='word_1_76' title='bbox 1184 1419 1254 1461; x_wconf 88' lang='lat' dir='ltr'><strong>re</strong></span> <span class='ocrx_word' id='word_1_77' title='bbox 1294 1400 1803 1481; x_wconf 87' lang='lat' dir='ltr'><strong>proficiscendum</strong></span> <span class='ocrx_word' id='word_1_78' title='bbox 1839 1409 1931 1461; x_wconf 88' lang='lat' dir='ltr'><strong>est</strong></span> <span class='ocrx_word' id='word_1_79' title='bbox 1973 1402 2052 1461; x_wconf 88' lang='lat' dir='ltr'><strong>ab</strong></span> <span class='ocrx_word' id='word_1_80' title='bbox 2089 1418 2193 1473; x_wconf 90' lang='lat' dir='ltr'><strong>eo,</strong></span> <span class='ocrx_word' id='word_1_81' title='bbox 2240 1396 2409 1477; x_wconf 91' lang='lat' dir='ltr'><strong>quod</strong></span> 
     </span>
     <span class='ocr_line' id='line_1_11' title="bbox 192 1500 2405 1582; baseline -0.002 -20"><span class='ocrx_word' id='word_1_82' title='bbox 192 1502 471 1580; x_wconf 84' lang='lat' dir='ltr'><strong>proxime</strong></span> <span class='ocrx_word' id='word_1_83' title='bbox 511 1510 653 1565; x_wconf 89' lang='lat' dir='ltr'><strong>ante</strong></span> <span class='ocrx_word' id='word_1_84' title='bbox 687 1502 943 1564; x_wconf 89' lang='lat' dir='ltr'><strong>chorum</strong></span> <span class='ocrx_word' id='word_1_85' title='bbox 977 1500 1355 1562; x_wconf 84' lang='lat' dir='ltr'><strong>orchestram</strong></span> <span class='ocrx_word' id='word_1_86' title='bbox 1389 1502 1826 1580; x_wconf 89' lang='lat' dir='ltr'><strong>ingrediuntur.</strong></span> <span class='ocrx_word' id='word_1_87' title='bbox 1916 1500 2405 1582; x_wconf 79' lang='lat' dir='ltr'><strong>«Orchestram,»</strong></span> 
     </span>
     <span class='ocr_line' id='line_1_12' title="bbox 193 1588 2411 1683; baseline -0 -23"><span class='ocrx_word' id='word_1_88' title='bbox 193 1588 473 1681; x_wconf 85' lang='lat' dir='ltr'><strong>inquam,</strong></span> <span class='ocrx_word' id='word_1_89' title='bbox 533 1602 1078 1683; x_wconf 76' lang='lat' dir='ltr'><strong>«ingrediuntur»;</strong></span> <span class='ocrx_word' id='word_1_90' title='bbox 1136 1619 1279 1661; x_wconf 90' lang='lat' dir='ltr'><strong>nam</strong></span> <span class='ocrx_word' id='word_1_91' title='bbox 1334 1621 1439 1662; x_wconf 90' lang='lat' dir='ltr'><strong>eas</strong></span> <span class='ocrx_word' id='word_1_92' title='bbox 1493 1603 1880 1683; x_wconf 85' lang='lat' dir='ltr'><strong>proscenium</strong></span> <span class='ocrx_word' id='word_1_93' title='bbox 1935 1621 2061 1662; x_wconf 92' lang='lat' dir='ltr'><strong>non</strong></span> <span class='ocrx_word' id='word_1_94' title='bbox 2115 1619 2252 1662; x_wconf 91' lang='lat' dir='ltr'><strong>esse</strong></span> <span class='ocrx_word' id='word_1_95' title='bbox 2305 1600 2411 1659; x_wconf 89' lang='lat' dir='ltr'><strong>in—</strong></span> 
     </span>
     <span class='ocr_line' id='line_1_13' title="bbox 194 1704 2411 1785; baseline -0.001 -22"><span class='ocrx_word' id='word_1_96' title='bbox 194 1722 467 1784; x_wconf 77' lang='lat' dir='ltr'><strong>gressaS,</strong></span> <span class='ocrx_word' id='word_1_97' title='bbox 523 1705 622 1766; x_wconf 88' lang='lat' dir='ltr'><strong>vel</strong></span> <span class='ocrx_word' id='word_1_98' title='bbox 665 1723 742 1763; x_wconf 86' lang='lat' dir='ltr'><strong>ex</strong></span> <span class='ocrx_word' id='word_1_99' title='bbox 784 1723 861 1762; x_wconf 91' lang='lat' dir='ltr'><strong>eo</strong></span> <span class='ocrx_word' id='word_1_100' title='bbox 905 1711 1190 1783; x_wconf 88' lang='lat' dir='ltr'><strong>apparet,</strong></span> <span class='ocrx_word' id='word_1_101' title='bbox 1235 1704 1402 1783; x_wconf 85' lang='lat' dir='ltr'><strong>quod</strong></span> <span class='ocrx_word' id='word_1_102' title='bbox 1441 1725 1695 1785; x_wconf 91' lang='lat' dir='ltr'><strong>prorsus</strong></span> <span class='ocrx_word' id='word_1_103' title='bbox 1738 1724 1939 1783; x_wconf 90' lang='lat' dir='ltr'><strong>neque</strong></span> <span class='ocrx_word' id='word_1_104' title='bbox 1983 1711 2170 1785; x_wconf 87' lang='lat' dir='ltr'><strong>agunt</strong></span> <span class='ocrx_word' id='word_1_105' title='bbox 2210 1719 2411 1780; x_wconf 88' lang='lat' dir='ltr'><strong>neque</strong></span> 
     </span>
     <span class='ocr_line' id='line_1_14' title="bbox 191 1789 2408 1886; baseline -0 -23"><span class='ocrx_word' id='word_1_106' title='bbox 191 1804 535 1884; x_wconf 88' lang='lat' dir='ltr'><strong>loquuntur.</strong></span> <span class='ocrx_word' id='word_1_107' title='bbox 632 1804 787 1864; x_wconf 90' lang='lat' dir='ltr'><strong>Illud</strong></span> <span class='ocrx_word' id='word_1_108' title='bbox 842 1811 1046 1865; x_wconf 88' lang='lat' dir='ltr'><strong>autem</strong></span> <span class='ocrx_word' id='word_1_109' title='bbox 1091 1804 1222 1885; x_wconf 91' lang='lat' dir='ltr'><strong>jam</strong></span> <span class='ocrx_word' id='word_1_110' title='bbox 1278 1824 1393 1886; x_wconf 90' lang='lat' dir='ltr'><strong>per</strong></span> <span class='ocrx_word' id='word_1_111' title='bbox 1441 1824 1510 1866; x_wconf 91' lang='lat' dir='ltr'><strong>se</strong></span> <span class='ocrx_word' id='word_1_112' title='bbox 1568 1806 1767 1868; x_wconf 89' lang='lat' dir='ltr'><strong>solum</strong></span> <span class='ocrx_word' id='word_1_113' title='bbox 1809 1825 1886 1867; x_wconf 92' lang='lat' dir='ltr'><strong>eo</strong></span> <span class='ocrx_word' id='word_1_114' title='bbox 1931 1806 2145 1878; x_wconf 80' lang='lat' dir='ltr'><strong>ducit,</strong></span> <span class='ocrx_word' id='word_1_115' title='bbox 2188 1789 2269 1863; x_wconf 26' lang='lat' dir='ltr'><strong>ut*</strong></span> <span class='ocrx_word' id='word_1_116' title='bbox 2293 1802 2408 1863; x_wconf 90' lang='lat' dir='ltr'><strong>has</strong></span> 
     </span>
     <span class='ocr_line' id='line_1_15' title="bbox 191 1905 2413 1984; baseline -0.001 -20"><span class='ocrx_word' id='word_1_117' title='bbox 191 1924 357 1966; x_wconf 87' lang='lat' dir='ltr'><strong>aves·</strong></span> <span class='ocrx_word' id='word_1_118' title='bbox 396 1906 658 1966; x_wconf 86' lang='lat' dir='ltr'><strong>musicos</strong></span> <span class='ocrx_word' id='word_1_119' title='bbox 719 1905 893 1965; x_wconf 90' lang='lat' dir='ltr'><strong>chori</strong></span> <span class='ocrx_word' id='word_1_120' title='bbox 950 1906 1137 1965; x_wconf 87' lang='lat' dir='ltr'><strong>fuisse</strong></span> <span class='ocrx_word' id='word_1_121' title='bbox 1199 1907 1629 1967; x_wconf 82' lang='lat' dir='ltr'><strong>existimemus.</strong></span> <span class='ocrx_word' id='word_1_122' title='bbox 1737 1908 1936 1984; x_wconf 86' lang='lat' dir='ltr'><strong>Atque</strong></span> <span class='ocrx_word' id='word_1_123' title='bbox 1995 1908 2082 1965; x_wconf 90' lang='lat' dir='ltr'><strong>ita</strong></span> <span class='ocrx_word' id='word_1_124' title='bbox 2147 1923 2285 1964; x_wconf 91' lang='lat' dir='ltr'><strong>esse</strong></span> <span class='ocrx_word' id='word_1_125' title='bbox 2343 1912 2413 1962; x_wconf 90' lang='lat' dir='ltr'><strong>ut</strong></span> 
     </span>
     <span class='ocr_line' id='line_1_16' title="bbox 193 2007 2411 2086; baseline -0.002 -20"><span class='ocrx_word' id='word_1_126' title='bbox 193 2007 542 2079; x_wconf 82' lang='lat' dir='ltr'><strong>credamuS,</strong></span> <span class='ocrx_word' id='word_1_127' title='bbox 580 2007 863 2084; x_wconf 85' lang='lat' dir='ltr'><strong>plurima</strong></span> <span class='ocrx_word' id='word_1_128' title='bbox 914 2008 1097 2071; x_wconf 86' lang='lat' dir='ltr'><strong>etiam</strong></span> <span class='ocrx_word' id='word_1_129' title='bbox 1144 2007 1209 2065; x_wconf 90' lang='lat' dir='ltr'><strong>in</strong></span> <span class='ocrx_word' id='word_1_130' title='bbox 1257 2008 1404 2085; x_wconf 91' lang='lat' dir='ltr'><strong>ipsis</strong></span> <span class='ocrx_word' id='word_1_131' title='bbox 1445 2015 1671 2086; x_wconf 86' lang='lat' dir='ltr'><strong>poetae</strong></span> <span class='ocrx_word' id='word_1_132' title='bbox 1712 2008 1916 2067; x_wconf 85' lang='lat' dir='ltr'><strong>verbis</strong></span> <span class='ocrx_word' id='word_1_133' title='bbox 1959 2007 2191 2078; x_wconf 89' lang='lat' dir='ltr'><strong>insunt,</strong></span> <span class='ocrx_word' id='word_1_134' title='bbox 2250 2021 2411 2082; x_wconf 89' lang='lat' dir='ltr'><strong>quae</strong></span> 
     </span>
     <span class='ocr_line' id='line_1_17' title="bbox 191 2105 2410 2185; baseline -0.002 -18"><span class='ocrx_word' id='word_1_135' title='bbox 191 2105 506 2167; x_wconf 86' lang='lat' dir='ltr'><strong>suadeant.</strong></span> <span class='ocrx_word' id='word_1_136' title='bbox 605 2106 742 2167; x_wconf 92' lang='lat' dir='ltr'><strong>Non</strong></span> <span class='ocrx_word' id='word_1_137' title='bbox 783 2106 1122 2180; x_wconf 80' lang='lat' dir='ltr'><strong>adhibebo,</strong></span> <span class='ocrx_word' id='word_1_138' title='bbox 1177 2107 1301 2168; x_wconf 90' lang='lat' dir='ltr'><strong>hoc</strong></span> <span class='ocrx_word' id='word_1_139' title='bbox 1343 2107 1588 2185; x_wconf 88' lang='lat' dir='ltr'><strong>quidem</strong></span> <span class='ocrx_word' id='word_1_140' title='bbox 1626 2107 1794 2181; x_wconf 89' lang='lat' dir='ltr'><strong>loco,</strong></span> <span class='ocrx_word' id='word_1_141' title='bbox 1852 2107 1932 2166; x_wconf 92' lang='lat' dir='ltr'><strong>ad</strong></span> <span class='ocrx_word' id='word_1_142' title='bbox 1975 2107 2410 2166; x_wconf 88' lang='lat' dir='ltr'><strong>demonstran—</strong></span> 
     </span>
     <span class='ocr_line' id='line_1_18' title="bbox 194 2205 2412 2288; baseline -0.001 -23"><span class='ocrx_word' id='word_1_143' title='bbox 194 2206 339 2265; x_wconf 90' lang='lat' dir='ltr'><strong>dum</strong></span> <span class='ocrx_word' id='word_1_144' title='bbox 387 2206 553 2265; x_wconf 89' lang='lat' dir='ltr'><strong>illam</strong></span> <span class='ocrx_word' id='word_1_145' title='bbox 602 2225 848 2278; x_wconf 81' lang='lat' dir='ltr'><strong>vocem,</strong></span> <span class='ocrx_word' id='word_1_146' title='bbox 909 2224 1088 2285; x_wconf 88' lang='lat' dir='ltr'><strong>quam</strong></span> <span class='ocrx_word' id='word_1_147' title='bbox 1129 2205 1682 2288; x_wconf 88' lang='lat' dir='ltr'><strong>Phoenicopterum</strong></span> <span class='ocrx_word' id='word_1_148' title='bbox 1724 2209 1912 2269; x_wconf 91' lang='lat' dir='ltr'><strong>edere</strong></span> <span class='ocrx_word' id='word_1_149' title='bbox 1954 2209 2059 2268; x_wconf 90' lang='grc' dir='ltr'><strong>νε.</strong></span> <span class='ocrx_word' id='word_1_150' title='bbox 2085 2206 2207 2268; x_wconf 86' lang='grc'><strong>267</strong></span> <span class='ocrx_word' id='word_1_151' title='bbox 2250 2205 2412 2264; x_wconf 90' lang='lat' dir='ltr'><strong>inter</strong></span> 
     </span>
     <span class='ocr_line' id='line_1_19' title="bbox 190 2306 2409 2390; baseline -0 -26"><span class='ocrx_word' id='word_1_152' title='bbox 190 2306 657 2385; x_wconf 89' lang='lat' dir='ltr'><strong>ingrediendum</strong></span> <span class='ocrx_word' id='word_1_153' title='bbox 710 2326 896 2387; x_wconf 90' lang='lat' dir='ltr'><strong>supra</strong></span> <span class='ocrx_word' id='word_1_154' title='bbox 941 2308 1220 2366; x_wconf 81' lang='lat' dir='ltr'><strong>vidimus.</strong></span> <span class='ocrx_word' id='word_1_155' title='bbox 1313 2308 1438 2367; x_wconf 90' lang='lat' dir='ltr'><strong>Sed</strong></span> <span class='ocrx_word' id='word_1_156' title='bbox 1478 2310 1583 2368; x_wconf 89' lang='lat' dir='ltr'><strong>Vs.</strong></span> <span class='ocrx_word' id='word_1_157' title='bbox 1619 2309 1743 2369; x_wconf 86' lang='lat'><strong>276</strong></span> <span class='ocrx_word' id='word_1_158' title='bbox 1794 2309 1988 2390; x_wconf 88' lang='lat' dir='ltr'><strong>gallus</strong></span> <span class='ocrx_word' id='word_1_159' title='bbox 2042 2307 2409 2388; x_wconf 87' lang='lat' dir='ltr'><strong>gallinaceus</strong></span> 
     </span>
     <span class='ocr_line' id='line_1_20' title="bbox 194 2404 2409 2491; baseline -0.001 -26"><span class='ocrx_word' id='word_1_160' title='bbox 194 2407 495 2487; x_wconf 85' lang='lat' dir='ltr'><strong>expressis</strong></span> <span class='ocrx_word' id='word_1_161' title='bbox 537 2409 741 2470; x_wconf 79' lang='lat' dir='ltr'><strong>verbis</strong></span> <span class='ocrx_word' id='word_1_162' title='bbox 788 2415 1041 2471; x_wconf 87' lang='lat' dir='ltr'><strong>vocatur</strong></span> <span class='ocrx_word' id='word_1_163' title='bbox 1081 2404 1659 2491; x_wconf 73' lang='grc' dir='ltr'><strong><em>μουσόμαντις</em></strong></span> <span class='ocrx_word' id='word_1_164' title='bbox 1706 2406 1900 2489; x_wconf 75' lang='grc' dir='ltr'><strong>ὄρνις.</strong></span> <span class='ocrx_word' id='word_1_165' title='bbox 1986 2409 2180 2489; x_wconf 83' lang='lat' dir='ltr'><strong>Magis</strong></span> <span class='ocrx_word' id='word_1_166' title='bbox 2224 2407 2409 2465; x_wconf 88' lang='lat' dir='ltr'><strong>etiam</strong></span> 
     </span>
     <span class='ocr_line' id='line_1_21' title="bbox 182 2492 2405 2590; baseline 0 -26"><span class='ocrx_word' id='word_1_167' title='bbox 182 2492 420 2568; x_wconf 45' lang='lat' dir='ltr'><strong>&#39;idonea</strong></span> <span class='ocrx_word' id='word_1_168' title='bbox 469 2509 550 2568; x_wconf 92' lang='lat' dir='ltr'><strong>ad</strong></span> <span class='ocrx_word' id='word_1_169' title='bbox 599 2517 871 2569; x_wconf 89' lang='lat' dir='ltr'><strong>nostram</strong></span> <span class='ocrx_word' id='word_1_170' title='bbox 923 2509 1286 2569; x_wconf 87' lang='lat' dir='ltr'><strong>sententiam</strong></span> <span class='ocrx_word' id='word_1_171' title='bbox 1332 2510 1854 2590; x_wconf 86' lang='lat' dir='ltr'><strong>comprobandam</strong></span> <span class='ocrx_word' id='word_1_172' title='bbox 1905 2518 2045 2571; x_wconf 89' lang='lat' dir='ltr'><strong>sunt</strong></span> <span class='ocrx_word' id='word_1_173' title='bbox 2087 2529 2188 2582; x_wconf 90' lang='lat' dir='ltr'><strong>ea,</strong></span> <span class='ocrx_word' id='word_1_174' title='bbox 2246 2525 2405 2585; x_wconf 87' lang='lat' dir='ltr'><strong>quae</strong></span> 
     </span>
     <span class='ocr_line' id='line_1_22' title="bbox 190 2608 2406 2692; baseline 0 -23"><span class='ocrx_word' id='word_1_175' title='bbox 190 2612 331 2672; x_wconf 94' lang='lat' dir='ltr'><strong>loco</strong></span> <span class='ocrx_word' id='word_1_176' title='bbox 402 2610 835 2690; x_wconf 78' lang='lat' dir='ltr'><strong>Aristophanio</strong></span> <span class='ocrx_word' id='word_1_177' title='bbox 908 2618 1119 2671; x_wconf 87' lang='lat' dir='ltr'><strong>notata</strong></span> <span class='ocrx_word' id='word_1_178' title='bbox 1185 2610 1387 2688; x_wconf 89' lang='lat' dir='ltr'><strong>potius</strong></span> <span class='ocrx_word' id='word_1_179' title='bbox 1462 2611 1848 2691; x_wconf 88' lang='lat' dir='ltr'><strong>reperiuntur</strong></span> <span class='ocrx_word' id='word_1_180' title='bbox 1922 2620 1985 2671; x_wconf 90' lang='lat' dir='ltr'><strong>et</strong></span> <span class='ocrx_word' id='word_1_181' title='bbox 2052 2608 2406 2692; x_wconf 84' lang='lat' dir='ltr'><strong>significata,</strong></span> 
     </span>
     <span class='ocr_line' id='line_1_23' title="bbox 192 2710 2408 2790; baseline -0.001 -17"><span class='ocrx_word' id='word_1_182' title='bbox 192 2730 373 2790; x_wconf 91' lang='lat' dir='ltr'><strong>quam</strong></span> <span class='ocrx_word' id='word_1_183' title='bbox 416 2711 616 2773; x_wconf 89' lang='lat' dir='ltr'><strong>verbis</strong></span> <span class='ocrx_word' id='word_1_184' title='bbox 661 2728 968 2789; x_wconf 87' lang='lat' dir='ltr'><strong>expressa.</strong></span> <span class='ocrx_word' id='word_1_185' title='bbox 1067 2711 1146 2771; x_wconf 90' lang='lat' dir='ltr'><strong>Et</strong></span> <span class='ocrx_word' id='word_1_186' title='bbox 1183 2711 1447 2789; x_wconf 87' lang='lat' dir='ltr'><strong>primum</strong></span> <span class='ocrx_word' id='word_1_187' title='bbox 1489 2710 1739 2789; x_wconf 90' lang='lat' dir='ltr'><strong>quidem</strong></span> <span class='ocrx_word' id='word_1_188' title='bbox 1782 2730 1996 2771; x_wconf 90' lang='lat' dir='ltr'><strong>omnes</strong></span> <span class='ocrx_word' id='word_1_189' title='bbox 2033 2712 2177 2771; x_wconf 90' lang='lat' dir='ltr'><strong>illae</strong></span> <span class='ocrx_word' id='word_1_190' title='bbox 2220 2716 2408 2790; x_wconf 90' lang='lat' dir='ltr'><strong>quat-</strong></span> 
     </span>
     <span class='ocr_line' id='line_1_24' title="bbox 190 2811 2407 2893; baseline 0 -21"><span class='ocrx_word' id='word_1_191' title='bbox 190 2820 330 2874; x_wconf 87' lang='lat' dir='ltr'><strong>tuor</strong></span> <span class='ocrx_word' id='word_1_192' title='bbox 372 2831 516 2874; x_wconf 88' lang='lat' dir='ltr'><strong>aves</strong></span> <span class='ocrx_word' id='word_1_193' title='bbox 565 2812 932 2893; x_wconf 85' lang='lat' dir='ltr'><strong>peregrinae</strong></span> <span class='ocrx_word' id='word_1_194' title='bbox 973 2818 1133 2872; x_wconf 87' lang='lat' dir='ltr'><strong>sunt.</strong></span> <span class='ocrx_word' id='word_1_195' title='bbox 1224 2811 1778 2892; x_wconf 89' lang='lat' dir='ltr'><strong>Phoenicopterum</strong></span> <span class='ocrx_word' id='word_1_196' title='bbox 1822 2832 1989 2886; x_wconf 91' lang='lat' dir='ltr'><strong>esse,</strong></span> <span class='ocrx_word' id='word_1_197' title='bbox 2046 2821 2237 2892; x_wconf 90' lang='lat' dir='ltr'><strong>poeta</strong></span> <span class='ocrx_word' id='word_1_198' title='bbox 2273 2814 2407 2892; x_wconf 85' lang='lat' dir='ltr'><strong>ipse</strong></span> 
     </span>
     <span class='ocr_line' id='line_1_25' title="bbox 189 2913 2402 2997; baseline -0 -22"><span class='ocrx_word' id='word_1_199' title='bbox 189 2913 548 2997; x_wconf 87' lang='lat' dir='ltr'><strong>significavit</strong></span> <span class='ocrx_word' id='word_1_200' title='bbox 597 2916 703 2975; x_wconf 87' lang='lat' dir='ltr'><strong>Vs.</strong></span> <span class='ocrx_word' id='word_1_201' title='bbox 740 2913 858 2975; x_wconf 90' lang='grc'><strong>271</strong></span> <span class='ocrx_word' id='word_1_202' title='bbox 906 2920 969 2973; x_wconf 89' lang='lat' dir='ltr'><strong>et</strong></span> <span class='ocrx_word' id='word_1_203' title='bbox 1009 2913 1152 2973; x_wconf 87' lang='lat'><strong>275.</strong></span> <span class='ocrx_word' id='word_1_204' title='bbox 1245 2914 1325 2973; x_wconf 92' lang='lat' dir='ltr'><strong>Et</strong></span> <span class='ocrx_word' id='word_1_205' title='bbox 1374 2914 1715 2992; x_wconf 86' lang='lat' dir='ltr'><strong>appellatur</strong></span> <span class='ocrx_word' id='word_1_206' title='bbox 1766 2915 1929 2991; x_wconf 90' lang='lat' dir='ltr'><strong>apud</strong></span> <span class='ocrx_word' id='word_1_207' title='bbox 1981 2913 2402 2987; x_wconf 87' lang='lat' dir='ltr'><strong>Heliodorum,</strong></span> 
     </span>
     <span class='ocr_line' id='line_1_26' title="bbox 188 3009 2403 3095; baseline -0.002 -17"><span class='ocrx_word' id='word_1_208' title='bbox 188 3018 471 3095; x_wconf 89' lang='lat' dir='ltr'><strong>Aethiop.</strong></span> <span class='ocrx_word' id='word_1_209' title='bbox 513 3015 626 3087; x_wconf 87' lang='lat' dir='ltr'><strong>VI,</strong></span> <span class='ocrx_word' id='word_1_210' title='bbox 670 3015 744 3085; x_wconf 89' lang='grc'><strong>3,</strong></span> <span class='ocrx_word' id='word_1_211' title='bbox 814 3014 1108 3093; x_wconf 74' lang='grc' dir='ltr'><strong>Νειλῷος</strong></span> <span class='ocrx_word' id='word_1_212' title='bbox 1164 3009 1679 3095; x_wconf 71' lang='grc' dir='ltr'><strong>φοινικόπτερος.</strong></span> <span class='ocrx_word' id='word_1_213' title='bbox 1790 3013 1971 3092; x_wconf 87' lang='lat' dir='ltr'><strong>Apud</strong></span> <span class='ocrx_word' id='word_1_214' title='bbox 2028 3015 2403 3087; x_wconf 78' lang='lat' dir='ltr'><strong>Iuvenalem,</strong></span> 
     </span>
     <span class='ocr_line' id='line_1_27' title="bbox 188 3112 2408 3194; baseline -0 -16"><span class='ocrx_word' id='word_1_215' title='bbox 188 3119 311 3179; x_wconf 88' lang='lat' dir='ltr'><strong>Sat.</strong></span> <span class='ocrx_word' id='word_1_216' title='bbox 344 3117 462 3189; x_wconf 89' lang='lat' dir='ltr'><strong>XI,</strong></span> <span class='ocrx_word' id='word_1_217' title='bbox 510 3113 662 3188; x_wconf 87' lang='grc'><strong>139,</strong></span> <span class='ocrx_word' id='word_1_218' title='bbox 731 3112 890 3174; x_wconf 91' lang='lat' dir='ltr'><strong>haec</strong></span> <span class='ocrx_word' id='word_1_219' title='bbox 942 3112 1068 3186; x_wconf 85' lang='lat' dir='ltr'><strong>avis</strong></span> <span class='ocrx_word' id='word_1_220' title='bbox 1126 3122 1639 3176; x_wconf 87' lang='lat' dir='ltr'><strong>commemoratur</strong></span> <span class='ocrx_word' id='word_1_221' title='bbox 1692 3114 1938 3194; x_wconf 89' lang='lat' dir='ltr'><strong>quidem</strong></span> <span class='ocrx_word' id='word_1_222' title='bbox 1991 3115 2196 3177; x_wconf 92' lang='lat' dir='ltr'><strong>medio</strong></span> <span class='ocrx_word' id='word_1_223' title='bbox 2247 3116 2408 3177; x_wconf 89' lang='lat' dir='ltr'><strong>inter</strong></span> 
     </span>
     <span class='ocr_line' id='line_1_28' title="bbox 185 3214 2403 3299; baseline 0.001 -21"><span class='ocrx_word' id='word_1_224' title='bbox 185 3217 496 3299; x_wconf 76' lang='lat' dir='ltr'><strong>Scythicas</strong></span> <span class='ocrx_word' id='word_1_225' title='bbox 536 3215 819 3279; x_wconf 85' lang='lat' dir='ltr'><strong>volucres</strong></span> <span class='ocrx_word' id='word_1_226' title='bbox 863 3222 926 3276; x_wconf 91' lang='lat' dir='ltr'><strong>et</strong></span> <span class='ocrx_word' id='word_1_227' title='bbox 955 3214 1275 3276; x_wconf 89' lang='lat' dir='ltr'><strong>Gaetulum</strong></span> <span class='ocrx_word' id='word_1_228' title='bbox 1316 3234 1572 3298; x_wconf 81' lang='lat' dir='ltr'><strong>orygem</strong></span> <span class='ocrx_word' id='word_1_229' title='bbox 1610 3216 1751 3278; x_wconf 92' lang='lat' dir='ltr'><strong>loco</strong></span> <span class='ocrx_word' id='word_1_230' title='bbox 1767 3264 1784 3291; x_wconf 92' lang='lat'><strong>,</strong></span> <span class='ocrx_word' id='word_1_231' title='bbox 1824 3217 1938 3279; x_wconf 90' lang='lat' dir='ltr'><strong>sed</strong></span> <span class='ocrx_word' id='word_1_232' title='bbox 1983 3237 2058 3278; x_wconf 85' lang='lat' dir='ltr'><strong>ex</strong></span> <span class='ocrx_word' id='word_1_233' title='bbox 2097 3216 2223 3279; x_wconf 91' lang='lat' dir='ltr'><strong>hoc</strong></span> <span class='ocrx_word' id='word_1_234' title='bbox 2261 3217 2403 3280; x_wconf 86' lang='lat' dir='ltr'><strong>loco</strong></span> 
     </span>
     <span class='ocr_line' id='line_1_29' title="bbox 187 3304 2404 3403; baseline -0.001 -22"><span class='ocrx_word' id='word_1_235' title='bbox 187 3321 266 3383; x_wconf 91' lang='lat' dir='ltr'><strong>de</strong></span> <span class='ocrx_word' id='word_1_236' title='bbox 316 3322 452 3403; x_wconf 91' lang='lat' dir='ltr'><strong>ipsa</strong></span> <span class='ocrx_word' id='word_1_237' title='bbox 499 3304 966 3399; x_wconf 87' lang='lat' dir='ltr'><strong>phoenicopteri</strong></span> <span class='ocrx_word' id='word_1_238' title='bbox 1014 3319 1213 3398; x_wconf 90' lang='lat' dir='ltr'><strong>patria</strong></span> <span class='ocrx_word' id='word_1_239' title='bbox 1264 3319 1431 3380; x_wconf 88' lang='lat' dir='ltr'><strong>certa</strong></span> <span class='ocrx_word' id='word_1_240' title='bbox 1471 3320 1822 3401; x_wconf 86' lang='lat' dir='ltr'><strong>conjectura</strong></span> <span class='ocrx_word' id='word_1_241' title='bbox 1864 3319 2000 3400; x_wconf 87' lang='lat' dir='ltr'><strong>capi</strong></span> <span class='ocrx_word' id='word_1_242' title='bbox 2040 3319 2144 3380; x_wconf 86' lang='lat' dir='ltr'><strong>vix</strong></span> <span class='ocrx_word' id='word_1_243' title='bbox 2179 3327 2404 3400; x_wconf 89' lang='lat' dir='ltr'><strong>potest.</strong></span> 
     </span>
     <span class='ocr_line' id='line_1_30' title="bbox 185 3423 2404 3505; baseline 0.001 -21"><span class='ocrx_word' id='word_1_244' title='bbox 185 3425 379 3485; x_wconf 89' lang='lat' dir='ltr'><strong>Porro</strong></span> <span class='ocrx_word' id='word_1_245' title='bbox 393 3470 410 3498; x_wconf 95' lang='lat'><strong>,</strong></span> <span class='ocrx_word' id='word_1_246' title='bbox 469 3425 652 3486; x_wconf 88' lang='lat' dir='ltr'><strong>etiam</strong></span> <span class='ocrx_word' id='word_1_247' title='bbox 702 3424 928 3505; x_wconf 83' lang='lat' dir='ltr'><strong>gallum</strong></span> <span class='ocrx_word' id='word_1_248' title='bbox 982 3423 1378 3504; x_wconf 87' lang='lat' dir='ltr'><strong>gallinaceum</strong></span> <span class='ocrx_word' id='word_1_249' title='bbox 1432 3440 1610 3485; x_wconf 83' lang='lat' dir='ltr'><strong>avem</strong></span> <span class='ocrx_word' id='word_1_250' title='bbox 1666 3431 1938 3486; x_wconf 89' lang='lat' dir='ltr'><strong>exteram</strong></span> <span class='ocrx_word' id='word_1_251' title='bbox 1990 3443 2157 3499; x_wconf 89' lang='lat' dir='ltr'><strong>esse,</strong></span> <span class='ocrx_word' id='word_1_252' title='bbox 2215 3432 2404 3505; x_wconf 83' lang='lat' dir='ltr'><strong>poeta</strong></span> 
     </span>
     <span class='ocr_line' id='line_1_31' title="bbox 185 3523 2401 3607; baseline 0.002 -22"><span class='ocrx_word' id='word_1_253' title='bbox 185 3528 317 3605; x_wconf 89' lang='lat' dir='ltr'><strong>ipse</strong></span> <span class='ocrx_word' id='word_1_254' title='bbox 361 3526 511 3587; x_wconf 88' lang='lat' dir='ltr'><strong>dixit</strong></span> <span class='ocrx_word' id='word_1_255' title='bbox 549 3526 653 3585; x_wconf 86' lang='lat' dir='ltr'><strong>Vs.</strong></span> <span class='ocrx_word' id='word_1_256' title='bbox 685 3523 840 3596; x_wconf 87' lang='lat'><strong>275,</strong></span> <span class='ocrx_word' id='word_1_257' title='bbox 895 3531 959 3585; x_wconf 89' lang='lat' dir='ltr'><strong>et</strong></span> <span class='ocrx_word' id='word_1_258' title='bbox 996 3525 1197 3604; x_wconf 90' lang='lat' dir='ltr'><strong>ipsum</strong></span> <span class='ocrx_word' id='word_1_259' title='bbox 1236 3543 1464 3585; x_wconf 91' lang='lat' dir='ltr'><strong>nomen</strong></span> <span class='ocrx_word' id='word_1_260' title='bbox 1505 3525 1776 3606; x_wconf 75' lang='grc' dir='ltr'><strong><em>Μῆδος,</em></strong></span> <span class='ocrx_word' id='word_1_261' title='bbox 1834 3524 2156 3607; x_wconf 78' lang='grc' dir='ltr'><strong>Περσικὸς</strong></span> <span class='ocrx_word' id='word_1_262' title='bbox 2195 3523 2401 3607; x_wconf 76' lang='grc' dir='ltr'><strong>ὅρνις,</strong></span> 
     </span>
     <span class='ocr_line' id='line_1_32' title="bbox 187 3626 2401 3709; baseline 0 -21"><span class='ocrx_word' id='word_1_263' title='bbox 187 3629 265 3689; x_wconf 94' lang='lat' dir='ltr'><strong>de</strong></span> <span class='ocrx_word' id='word_1_264' title='bbox 314 3649 437 3709; x_wconf 89' lang='lat' dir='ltr'><strong>quo</strong></span> <span class='ocrx_word' id='word_1_265' title='bbox 488 3628 631 3691; x_wconf 81' lang='lat' dir='ltr'><strong>vide</strong></span> <span class='ocrx_word' id='word_1_266' title='bbox 672 3628 775 3687; x_wconf 90' lang='lat' dir='ltr'><strong>Vs.</strong></span> <span class='ocrx_word' id='word_1_267' title='bbox 808 3627 961 3701; x_wconf 79' lang='lat'><strong>485,</strong></span> <span class='ocrx_word' id='word_1_268' title='bbox 996 3628 1140 3702; x_wconf 85' lang='lat'><strong>707,</strong></span> <span class='ocrx_word' id='word_1_269' title='bbox 1178 3626 1333 3703; x_wconf 83' lang='lat'><strong>833,</strong></span> <span class='ocrx_word' id='word_1_270' title='bbox 1387 3627 1783 3688; x_wconf 89' lang='lat' dir='ltr'><strong>demonstrat.</strong></span> <span class='ocrx_word' id='word_1_271' title='bbox 1881 3626 2062 3708; x_wconf 89' lang='lat' dir='ltr'><strong>Cujus</strong></span> <span class='ocrx_word' id='word_1_272' title='bbox 2113 3627 2401 3707; x_wconf 89' lang='lat' dir='ltr'><strong>appella-</strong></span> 
     </span>
     <span class='ocr_line' id='line_1_33' title="bbox 182 3716 2445 3810; baseline 0 -21"><span class='ocrx_word' id='word_1_273' title='bbox 182 3730 362 3790; x_wconf 91' lang='lat' dir='ltr'><strong>tionis</strong></span> <span class='ocrx_word' id='word_1_274' title='bbox 407 3747 589 3809; x_wconf 84' lang='lat' dir='ltr'><strong>quam</strong></span> <span class='ocrx_word' id='word_1_275' title='bbox 628 3728 1006 3808; x_wconf 89' lang='lat' dir='ltr'><strong>Boettigerus</strong></span> <span class='ocrx_word' id='word_1_276' title='bbox 1049 3748 1326 3790; x_wconf 87' lang='lat' dir='ltr'><strong>caussam</strong></span> <span class='ocrx_word' id='word_1_277' title='bbox 1366 3730 1556 3791; x_wconf 84' lang='lat' dir='ltr'><strong>fuisse</strong></span> <span class='ocrx_word' id='word_1_278' title='bbox 1596 3729 1878 3810; x_wconf 88' lang='lat' dir='ltr'><strong>opinatur</strong></span> <span class='ocrx_word' id='word_1_279' title='bbox 1916 3729 2078 3790; x_wconf 92' lang='lat' dir='ltr'><strong>libro</strong></span> <span class='ocrx_word' id='word_1_280' title='bbox 2122 3728 2204 3790; x_wconf 92' lang='lat' dir='ltr'><strong>de</strong></span> <span class='ocrx_word' id='word_1_281' title='bbox 2245 3748 2401 3809; x_wconf 87' lang='lat' dir='ltr'><strong>per-</strong></span> <span class='ocrx_word' id='word_1_282' title='bbox 2442 3716 2445 3719; x_wconf 33' lang='grc'>“</span> 
     </span>
     <span class='ocr_line' id='line_1_34' title="bbox 184 3829 2399 3913; baseline -0.001 -22"><span class='ocrx_word' id='word_1_283' title='bbox 184 3850 339 3892; x_wconf 93' lang='lat' dir='ltr'><strong>sona</strong></span> <span class='ocrx_word' id='word_1_284' title='bbox 378 3832 631 3906; x_wconf 82' lang='lat' dir='ltr'><strong>Furiali,</strong></span> <span class='ocrx_word' id='word_1_285' title='bbox 684 3853 745 3911; x_wconf 90' lang='lat' dir='ltr'><strong>p.</strong></span> <span class='ocrx_word' id='word_1_286' title='bbox 777 3830 876 3906; x_wconf 88' lang='lat'><strong>37,</strong></span> <span class='ocrx_word' id='word_1_287' title='bbox 933 3830 1074 3891; x_wconf 90' lang='lat' dir='ltr'><strong>adn.</strong></span> <span class='ocrx_word' id='word_1_288' title='bbox 1118 3829 1202 3912; x_wconf 89' lang='lat' dir='ltr'><strong>(C.</strong></span> <span class='ocrx_word' id='word_1_289' title='bbox 1230 3832 1302 3893; x_wconf 86' lang='lat' dir='ltr'><strong>A.</strong></span> <span class='ocrx_word' id='word_1_290' title='bbox 1325 3831 1641 3913; x_wconf 71' lang='lat' dir='ltr'><strong>Bottiger’s</strong></span> <span class='ocrx_word' id='word_1_291' title='bbox 1694 3831 1900 3892; x_wconf 90' lang='lat' dir='ltr'><strong>kleine</strong></span> <span class='ocrx_word' id='word_1_292' title='bbox 1943 3830 2245 3893; x_wconf 78' lang='lat' dir='ltr'><strong>Schristen</strong></span> <span class='ocrx_word' id='word_1_293' title='bbox 2288 3848 2399 3890; x_wconf 89' lang='lat' dir='ltr'><strong>ar-</strong></span> 
     </span>
     <span class='ocr_line' id='line_1_35' title="bbox 184 3932 2395 4017; baseline -0.001 -23"><span class='ocrx_word' id='word_1_294' title='bbox 184 3933 658 4016; x_wconf 75' lang='lat' dir='ltr'><strong>chiiologischen</strong></span> <span class='ocrx_word' id='word_1_295' title='bbox 700 3934 826 3994; x_wconf 90' lang='lat' dir='ltr'><strong>und</strong></span> <span class='ocrx_word' id='word_1_296' title='bbox 868 3935 1356 4014; x_wconf 88' lang='lat' dir='ltr'><strong>antiquarischen</strong></span> <span class='ocrx_word' id='word_1_297' title='bbox 1395 3934 1643 4010; x_wconf 86' lang='lat' dir='ltr'><strong>Inhalts,</strong></span> <span class='ocrx_word' id='word_1_298' title='bbox 1689 3935 2046 4017; x_wconf 89' lang='lat' dir='ltr'><strong>gesammelt</strong></span> <span class='ocrx_word' id='word_1_299' title='bbox 2082 3932 2206 3993; x_wconf 89' lang='lat' dir='ltr'><strong>und</strong></span> <span class='ocrx_word' id='word_1_300' title='bbox 2239 3933 2395 3993; x_wconf 91' lang='lat' dir='ltr'><strong>her-</strong></span> 
     </span>
     <span class='ocr_line' id='line_1_36' title="bbox 184 4021 2395 4118; baseline 0 -23"><span class='ocrx_word' id='word_1_301' title='bbox 184 4036 575 4116; x_wconf 86' lang='lat' dir='ltr'><strong>ausgegeben</strong></span> <span class='ocrx_word' id='word_1_302' title='bbox 629 4056 753 4097; x_wconf 83' lang='lat' dir='ltr'><strong>von</strong></span> <span class='ocrx_word' id='word_1_303' title='bbox 808 4037 993 4097; x_wconf 88' lang='lat' dir='ltr'><strong>Julius</strong></span> <span class='ocrx_word' id='word_1_304' title='bbox 1048 4036 1252 4117; x_wconf 87' lang='lat' dir='ltr'><strong>Sillig,</strong></span> <span class='ocrx_word' id='word_1_305' title='bbox 1309 4038 1448 4099; x_wconf 88' lang='lat' dir='ltr'><strong>Vol.</strong></span> <span class='ocrx_word' id='word_1_306' title='bbox 1478 4021 1539 4113; x_wconf 69' lang='lat'><strong>1&#39;,</strong></span> <span class='ocrx_word' id='word_1_307' title='bbox 1595 4058 1657 4118; x_wconf 92' lang='lat' dir='ltr'><strong>p.</strong></span> <span class='ocrx_word' id='word_1_308' title='bbox 1691 4036 1840 4117; x_wconf 89' lang='lat'><strong>211)</strong></span> <span class='ocrx_word' id='word_1_309' title='bbox 1862 4083 1878 4109; x_wconf 93' lang='lat'><strong>,</strong></span> <span class='ocrx_word' id='word_1_310' title='bbox 1956 4049 2037 4096; x_wconf 82' lang='lat' dir='ltr'><strong>ea¹</strong></span> <span class='ocrx_word' id='word_1_311' title='bbox 2084 4056 2209 4097; x_wconf 90' lang='lat' dir='ltr'><strong>non</strong></span> <span class='ocrx_word' id='word_1_312' title='bbox 2266 4036 2395 4096; x_wconf 84' lang='lat' dir='ltr'><strong>fuit.</strong></span> 
     </span>
     <span class='ocr_line' id='line_1_37' title="bbox 183 4135 2395 4221; baseline 0.001 -25"><span class='ocrx_word' id='word_1_313' title='bbox 183 4137 442 4198; x_wconf 88' lang='lat' dir='ltr'><strong>Meliora</strong></span> <span class='ocrx_word' id='word_1_314' title='bbox 472 4136 709 4198; x_wconf 70' lang='lat' dir='ltr'><strong>discere</strong></span> <span class='ocrx_word' id='word_1_315' title='bbox 740 4139 834 4199; x_wconf 85' lang='lat' dir='ltr'><strong>vir</strong></span> <span class='ocrx_word' id='word_1_316' title='bbox 866 4140 1052 4199; x_wconf 90' lang='lat' dir='ltr'><strong>multo</strong></span> <span class='ocrx_word' id='word_1_317' title='bbox 1085 4135 1184 4197; x_wconf 86' lang='lat' dir='ltr'><strong>me</strong></span> <span class='ocrx_word' id='word_1_318' title='bbox 1218 4139 1513 4201; x_wconf 89' lang='lat' dir='ltr'><strong>eruditior</strong></span> <span class='ocrx_word' id='word_1_319' title='bbox 1543 4146 1787 4219; x_wconf 85' lang='lat' dir='ltr'><strong>poterat</strong></span> <span class='ocrx_word' id='word_1_320' title='bbox 1811 4140 1942 4221; x_wconf 87' lang='lat' dir='ltr'><strong>jam</strong></span> <span class='ocrx_word' id='word_1_321' title='bbox 1974 4160 2051 4200; x_wconf 86' lang='lat' dir='ltr'><strong>ex</strong></span> <span class='ocrx_word' id='word_1_322' title='bbox 2079 4146 2395 4219; x_wconf 90' lang='lat' dir='ltr'><strong>postremo</strong></span> 
     </span>
     <span class='ocr_line' id='line_1_38' title="bbox 187 4237 2397 4324; baseline 0.003 -30"><span class='ocrx_word' id='word_1_323' title='bbox 187 4237 291 4297; x_wconf 92' lang='lat' dir='ltr'><strong>illo</strong></span> <span class='ocrx_word' id='word_1_324' title='bbox 335 4249 561 4318; x_wconf 89' lang='lat' dir='ltr'><strong>poetae</strong></span> <span class='ocrx_word' id='word_1_325' title='bbox 602 4241 773 4315; x_wconf 90' lang='lat' dir='ltr'><strong>loco,</strong></span> <span class='ocrx_word' id='word_1_326' title='bbox 830 4245 975 4323; x_wconf 87' lang='lat' dir='ltr'><strong>quin</strong></span> <span class='ocrx_word' id='word_1_327' title='bbox 1019 4244 1196 4304; x_wconf 88' lang='lat' dir='ltr'><strong>etiam</strong></span> <span class='ocrx_word' id='word_1_328' title='bbox 1243 4261 1320 4302; x_wconf 89' lang='lat' dir='ltr'><strong>ex</strong></span> <span class='ocrx_word' id='word_1_329' title='bbox 1360 4245 1587 4324; x_wconf 90' lang='lat' dir='ltr'><strong>primo,</strong></span> <span class='ocrx_word' id='word_1_330' title='bbox 1650 4241 1943 4324; x_wconf 90' lang='lat' dir='ltr'><strong>imprimis</strong></span> <span class='ocrx_word' id='word_1_331' title='bbox 1994 4260 2143 4303; x_wconf 86' lang='lat' dir='ltr'><strong>vero</strong></span> <span class='ocrx_word' id='word_1_332' title='bbox 2189 4259 2267 4302; x_wconf 84' lang='lat' dir='ltr'><strong>ex</strong></span> <span class='ocrx_word' id='word_1_333' title='bbox 2305 4240 2397 4313; x_wconf 88' lang='lat' dir='ltr'><strong>iis,</strong></span> 
     </span>
     <span class='ocr_line' id='line_1_39' title="bbox 184 4342 2396 4425; baseline 0.004 -28"><span class='ocrx_word' id='word_1_334' title='bbox 184 4357 341 4417; x_wconf 87' lang='lat' dir='ltr'><strong>quae</strong></span> <span class='ocrx_word' id='word_1_335' title='bbox 385 4342 801 4407; x_wconf 86' lang='lat' dir='ltr'><strong>disseruerunt</strong></span> <span class='ocrx_word' id='word_1_336' title='bbox 848 4348 1045 4409; x_wconf 90' lang='lat' dir='ltr'><strong>Varro</strong></span> <span class='ocrx_word' id='word_1_337' title='bbox 1092 4354 1155 4408; x_wconf 86' lang='lat' dir='ltr'><strong>et</strong></span> <span class='ocrx_word' id='word_1_338' title='bbox 1196 4345 1527 4409; x_wconf 85' lang='lat' dir='ltr'><strong>Columella</strong></span> <span class='ocrx_word' id='word_1_339' title='bbox 1577 4344 1656 4409; x_wconf 83' lang='lat' dir='ltr'><strong>de</strong></span> <span class='ocrx_word' id='word_1_340' title='bbox 1705 4369 1779 4408; x_wconf 85' lang='lat' dir='ltr'><strong>re</strong></span> <span class='ocrx_word' id='word_1_341' title='bbox 1818 4344 2073 4407; x_wconf 56' lang='lat' dir='ltr'><strong>&gt;rustica</strong></span> <span class='ocrx_word' id='word_1_342' title='bbox 2126 4351 2396 4425; x_wconf 85' lang='lat' dir='ltr'><strong>agentes,</strong></span> 
     </span>
    </p>
   </div>
  </div>
 </body>
</html>
