3022 4934
1454 339 1867 401 -94-

705 503 1103 585 Ἐλελελεῦ,
1166 503 1747 599 χωρε1,κᾶθες
1808 496 1885 573 ἰὂ
1933 495 2271 655 ῥύγχος·
2339 504 2435 572 ου’
2494 487 2789 615 μένειν

537 696 784 776 Quippe
827 714 906 759 eo
952 695 1095 777 ipso
1136 697 1441 775 tempore,
1484 713 1611 774 quo
1654 692 1919 756 dabatur
1954 691 2113 757 illud
2147 594 2469 775 ᾒιιέεἳιιῖιῖ
2470 687 2790 755 dexterum

538 797 789 874 quidem
833 816 1029 858 cornu
1064 798 1198 878 jam
1242 799 1377 855 erat
1417 793 1791 867 formatum,
1843 792 1957 853 sed
2012 786 2349 894 ταξίαρχος
2384 788 2643 865 locum,
2682 782 2791 867 qui

537 893 658 975 ipsi
703 895 1050 958 debebatur
1090 896 1154 955 in
1197 894 1409 956 fronte
1453 896 1627 977 ejuS,
1692 893 1972 956 nondum
2016 886 2326 973 ceperat.
2373 890 2563 964 Quod
2602 896 2789 970 post-

537 1012 725 1075 quam
764 994 912 1057 fecit
931 1040 947 1069 ,
993 994 1286 1074 deinceps
1329 992 1441 1054 illa
1462 1039 1479 1069 ,
1540 1009 1702 1073 quae
1743 992 2030 1067 vidimus,
2085 997 2351 1072 aguntur
2389 990 2551 1050 inter
2586 976 2790 1050 Euel-

536 1095 749 1175 pidem
792 1100 855 1156 et
910 1093 1383 1156 Pisthetaerum.
1481 1092 1659 1165 Quae
1719 1097 2034 1173 stupentes
2095 1106 2241 1157 aves
2302 1085 2433 1151 non
2494 1084 2791 1168 progredi

534 1194 852 1273 putandae
891 1199 1050 1254 sunt.
1091 1195 1258 1272 Ergo
1300 1211 1512 1258 rursus
1555 1192 1811 1253 mandat
1849 1190 2243 1272 coryphaeus
2269 1190 2439 1251 idem
2467 1183 2793 1270 στράταρ-

532 1314 685 1378 χος,
751 1297 820 1351 ut
899 1290 1197 1369 impetum
1260 1289 1531 1365 faciant,
1598 1287 1819 1366 versu,
1908 1308 2093 1370 quem
2160 1287 2792 1368 inodo-‘exscriptum

535 1388 848 1463 dedimus,
915 1395 1102 1468 atque
1147 1407 1227 1450 eo
1273 1387 1378 1468 qui
1421 1388 1717 1468 sequitur.
1801 1388 1928 1451 Se'd
1986 1387 2410 1450 intercedente
2465 1390 2686 1466 Upupa
2710 1391 2792 1448 -et

532 1488 870 1562 referente,
911 1489 1160 1551 venisse
1192 1488 1646 1549 Pisthetaerum
1678 1494 1866 1567 atque
1899 1487 2266 1568 Euelpidem
2308 1486 2617 1548 docturos
2645 1481 2790 1547 aves

537 1587 686 1648 utile
729 1588 914 1667 quid,
955 1587 1028 1648 fit
1069 1594 1137 1648 ut
1179 1588 1407 1648 chorus
1449 1589 1611 1649 haec
1651 1588 1842 1649 verba
1887 1587 2172 1667 proferat
2209 1587 2317 1648 Vs.
2336 1586 2465 1648 381
2498 1605 2624 1665 sq.:
2780 1598 2784 1602 '

698 1684 896 1753 Ἐστι
938 1688 1076 1770 μὲν
1113 1684 1328 1769 λόγων
1368 1681 1650 1754 οἰκοῦσαι
1690 1685 1986 1769 πρῶτον,
2028 1709 2118 1758 ως
2152 1678 2319 1768 ἡμῖν
2361 1683 2554 1763 δοκεῖ,

702 1781 1047 1872 χρήσιμον·
1093 1782 1319 1866 μάθοι
1359 1781 1487 1868 yde
1529 1779 1620 1850 ἄν
1658 1809 1767 1858 τις
1804 1776 1981 1849 mimi
2021 1783 2156 1851 τῶν
2200 1784 2469 1869 ἐχθροῖν·
2499 1778 2733 1867 σοφόν.

536 1889 680 1961 Quo
722 1885 892 1947 facto
935 1884 1352 1946 Pisthetaerus
1397 1883 1480 1945 ad
1520 1882 1890 1965 Euelpidem
1933 1883 2272 1949 con‘versus
2313 1882 2477 1949 baec
2523 1880 2706 1985 dicit:

716 1983 880 2049 Οἵδε
916 1984 1037 2064 τῆς
1076 1979 1273 2064 ὀργῆς
1306 1985 1550 2071 χαλᾶν
1570 1986 1836 2059 εἴξασιν·
1879 1980 2071 2068 ἄναγ’
2115 1983 2225 2054 ἐπὶ
2262 1984 2529 2059 auditos-,³
2586 1999 2588 2003 ’

536 2092 599 2147 et
642 2082 886 2148 duobus
927 2083 1298 2164 interjectis
1295 2083 1626 2147 versibus:
1722 2118 1724 2120 ·

704 2181 992 2247 Μᾶλλον
1035 2180 1311 2266 εἰρήνην
1350 2179 1627 2267 αγουσιν
1663 2175 1857 2267 ἦμίν·
1900 2179 2061 2256 ὥςτε
2098 2176 2228 2267 τὴν
2267 2205 2530 2271 χυτραν
2795 2254 2800 2258 ,

535 2291 775 2355 cetera,
833 2299 994 2359 quae
1051 2300 1241 2362 supra
1297 2303 1360 2362 p.
1390 2284 1476 2344 80
1529 2280 2060 2363 repraesentanda
2097 2284 2462 2347 curavimus.
2544 2283 2643 2345 Ad
2684 2285 2792 2347 Vs.

533 2384 660 2446 386
718 2383 881 2443 haec
937 2380 1258 2443 adnotavit
1303 2380 1664 2443 Dindorfius
1728 2383 1794 2443 in
1850 2382 1947 2443 ed.
2012 2382 2240 2445 Oxonn
2308 2378 2552 2465 »ἧμίν,
2620 2385 2794 2463 quod

530 2480 867 2543 Brunckius
908 2479 1147 2560 posuit,
1191 2498 1320 2540 non
1354 2479 1560 2559 liquet
1588 2497 1670 2541 an
1709 2479 1836 2542 hoc
1873 2488 2131 2545 accentu
2161 2484 2455 2564 scriptum
2491 2490 2692 2546 exstet
2728 2484 2794 2545 in

534 2581 890 2657 codicibus;
933 2575 1104 2664 ἧμιν
1147 2599 1226 2641 ex
1264 2580 1602 2665 Phrynichi
1623 2582 1848 2665 Mysta
1892 2582 2076 2643 affert
2114 2584 2471 2645 Eustathius
2512 2582 2574 2664 p.
2606 2584 2790 2669 1112,

535 2685 639 2745 38.
698 2675 1080 2765 ἐβουλόμην
1148 2677 1237 2746 ἄν
1292 2676 1469 2764 -ἤμὶν
1528 2677 1741 2765 ὥςπερ
1803 2683 1914 2748 καὶ
1973 2685 2280 2764 προτοῦ.Η
2355 2683 2791 2765 Aristophanis

535 2778 821 2860 exempla
861 2798 1082 2860 parum
1141 2778 1323 2840 firma
1383 2778 1526 2841 sunt
1585 2783 1729 2861 Lys.
1797 2781 1939 2842 124.
2004 2778 2287 2862 ἀφεκτέα
2352 2783 2587 2848 τοίνυν
2623 2777 2794 2866 ἡμὶν

433 2948 436 2949 ⁷
530 2883 655 2949 τοῦ
698 2880 941 2953 πέους,
984 2877 1093 2937 ubi
1135 2878 1312 2945 ἐστὶν
1351 2873 1521 2960 ἡμὶν
1561 2879 1751 2942 scribi
1793 2879 2059 2960 potest,
2091 2887 2154 2942 et
2193 2882 2347 2944 Plut.
2390 2901 2449 2944 v.
2486 2881 2638 2957 286,
2663 2881 2791 2943 ubi

531 2982 680 3042 libri
719 2978 1048 3051 meliores,
1093 2972 1300 3050 ὅντως
1341 2971 1472 3062 γοὶρ
1513 2981 1647 3045 ἐστὶ
1707 2981 2049 3053 πλουσίοις
2101 2976 2359 3046 ἅπασιν
2420 2975 2587 3064 ἡμῖν
2630 2978 2689 3062 (i.
2734 2999 2790 3041 e.

531 3073 738 3159 ἡμὶν)
772 3076 982 3149 εἶναι’,
1022 3073 1211 3153 vulgo
1255 3075 1464 3136 'autem
1504 3071 1693 3157 ἡμῖν,
1736 3076 1992 3146 ἅπασιν
2031 3079 2278 3161 legitur.
2327 3077 2333 3083 ’
2365 3078 2790 3153 Quamobrem

536 3178 618 3237 de
659 3176 785 3235 hoc
830 3189 1082 3251 quoque
1147 3171 1295 3232 loco
1367 3172 1655 3233 dubitare
1695 3174 1886 3250 licet,
1946 3178 2011 3237 in
2074 3198 2200 3256 quo
2243 3176 2410 3260 ἡμῖν
2467 3181 2549 3240 ab
2590 3180 2793 3247 inter-

531 3281 711 3356 prete
742 3273 908 3346 addi,
954 3289 992 3330 a
1034 3277 1225 3350 poeta
1269 3278 1475 3332 antem
1510 3274 1701 3334 scribi
1732 3273 1950 3354 potuit,
1991 3275 2260 3358 μᾶλλον
2298 3271 2565 3359 εἰρήνην
2606 3275 2794 3359 ἄγειν

535 3376 912 3442 δοκοῦσιν».
1018 3371 1350 3451 Aliquanto
1392 3374 1813 3455 probabilius,
1870 3376 1951 3437 de
1993 3395 2120 3457 quo
2164 3377 2464 3438 monebat
2501 3376 2791 3439 Alfi-edus

530 3473 1026 3548 FleckeiseniuS,
1064 3475 1198 3554 jam
1239 3482 1425 3536 antea
1465 3477 1808 3538 Meinekius
1848 3480 2049 3559 praef.
2109 3480 2192 3542 ad
2246 3479 2572 3541 Menandri
2612 3478 2795 3558 reliq.

532 3596 598 3655 p.
633 3577 762 3636 XX
825 3573 1224 3634 scribendum
1278 3576 1668 3656 conjeceratt
1734 3578 2000 3659 μᾶλλον
2040 3576 2315 3665 εἰρήνην
2374 3577 2646 3663 ἄγουσι,
2685 3578 2790 3663 ’νὴ

534 3667 663 3747 Δί’,
707 3669 863 3743 ὤςτε
907 3679 1020 3734 cet.
1096 3673 1255 3734 Post
1296 3679 1505 3734 tamen
1547 3675 1667 3735 sibi
1706 3679 2018 3754 persuasit
2056 3679 2154 3742 vir
2202 3680 2506 3760 egregius,
2556 3680 2792 3741 »rarius

535 3772 704 3854 apud
737 3777 965 3853 poetas
1007 3771 1281 3833 comicos
1324 3791 1442 3834 nec
1480 3780 1689 3837 tamen
1722 3778 2022 3859 exemplis
2054 3779 2413 3842 destitutum
2450 3799 2590 3842 esse
2620 3768 2794 3863 ὗμιν

534 3892 652 3954 pro
718 3867 963 3952 ύμῖν»,
1033 3871 1156 3933 vid.
1220 3873 1463 3953 Fragm.
1524 3893 1684 3936 com.
1745 3878 1960 3940 Graec.
2002 3880 2142 3942 Vol.
2164 3880 2213 3942 -1.
2274 3901 2337 3959 p.
2378 3879 2553 3953 151„
2587 3887 2649 3943 et
2705 3881 2790 3943 ad

533 3971 871 4054 Phrynichi
911 3972 1026 4033 illa
1066 3971 1261 4033 verba
1301 3972 1465 4035 haec
1507 3975 1827 4041 adnotavit
1867 3979 1909 4040 1.
1954 4000 2003 4042 c.
2046 3982 2185 4043 Vol.
2229 3980 2307 4041 11.
2350 3979 2492 4040 1³41.
2548 3994 2608 4060 p.
2633 3982 2788 4043 595:
2886 3997 2888 3999 ’

553 4071 873 4133 «Similiter
927 4061 1097 4154 ἧμιν
1136 4072 1238 4135 vel
1281 4067 1448 4156 ημὶν
1508 4074 1723 4137 ultima
1781 4088 2071 4160 correpta
2129 4079 2314 4141 dixit
2341 4079 2790 4162 Aristophanes

537 4170 692 4230 Ran.
744 4172 871 4234 386
915 4179 978 4234 et
1033 4173 1293 4253 Eupolis
1359 4176 1602 4258 Fragm.
1646 4179 1773 4243 fab.
1812 4181 1932 4242 inc.
1978 4183 2071 4244 Β.
2090 4182 2149 4242 4.
2226 4180 2538 4243 Fortasse
2606 4181 2790 4243 etia-m

541 4269 810 4332 incertus
855 4275 1126 4337 comicus
1172 4278 1338 4357 apud
1381 4282 1717 4345 Lucianum
1758 4283 1916 4344 Jove
1960 4284 2143 4360 Trag.
2188 4282 2323 4343 Vol.
2358 4283 2431 4342 11.
2473 4301 2534 4360 p.
2555 4282 2705 4344 6443
