3022 4934
1126 306 1544 366 -19-

209 474 450 535 videtur
493 475 655 535 enim
696 475 842 543 loco
884 471 1229 532 Aristotelis
1275 462 1488 552 ὀσφῦς
1528 473 1875 555 significare
1918 475 2123 554 potius
2179 493 2465 555 «perpe-

208 585 372 636 tuam
413 577 691 654 spinam»
711 616 714 620 .
734 590 925 651 quam
974 572 1195 631 «imam
1237 578 1579 650 perpetuae
1622 575 1905 654 spinae,»
1955 582 2023 635 ut
2058 575 2224 654 apud
2256 574 2462 657 Cyri}—

205 677 345 736 lum
377 676 545 735 idem
597 673 805 735 valere
858 671 1147 746 traditur,
1207 671 1378 750 quod
1425 670 1610 759 ῥάχις
1621 695 1646 748 3
1707 684 1798 749 et,
1854 675 2118 736 eandem
2162 675 2298 734 fere
2340 676 2460 735 vim

205 794 344 835 esse
387 774 674 835 vocabuli
714 774 777 834 in
821 773 1028 854 glossa
1058 772 1470 854 Etymologici
1502 773 1741 855 Magni,
1786 774 1838 833 is
1882 775 2215 836 contendat
2259 794 2463 854 opor—

204 882 320 949 tet,
371 874 475 954 qui
517 874 636 934 sibi
677 873 1087 953 persuaserit,
1133 890 1301 946 eum,
1360 871 1464 951 qui
1506 872 1777 954 singulas
1821 873 1982 933 illius
2024 871 2232 952 partes
2278 895 2462 936 com-

202 976 447 1053 pilavit,
504 974 880 1033 intellexisse
900 1018 915 1045 ,
978 972 1128 1051 quid
1180 970 1604 1052 significarent
1658 991 1735 1032 ea
1752 1018 1768 1045 ,
1835 991 1996 1051 quae
2053 977 2463 1054 congerebat;

203 1076 551 1136 Varronem
607 1074 874 1152 denique
932 1073 1173 1152 spinam
1232 1071 1612 1153 significasse
1666 1081 2034 1151 perpetuam
2054 1119 2070 1146 ,
2134 1093 2236 1135 res
2295 1083 2466 1135 certa

205 1183 314 1235 est.
411 1175 641 1235 Contra
684 1173 852 1253 apud
891 1170 1263 1245 Lucianum,
1316 1171 1659 1251 Lexiphan.
1704 1171 1852 1251 Cap.
1881 1172 2056 1233 VIII:
2116 1169 2315 1245 ἄλλος
2357 1175 2466 1257 ἐῤ-

203 1275 512 1360 ῥικνοῦτο
558 1268 685 1339 οὖν
724 1273 950 1358 γέλωτι
990 1268 1120 1354 τήν
1167 1267 1414 1354 ὀσφῦν,
1465 1292 1651 1351 quem
1694 1294 1882 1334 unum
1926 1274 2131 1335 locum
2177 1294 2212 1335 e
2257 1274 2466 1335 serio-

202 1377 371 1436 ribus
428 1377 666 1459 scriptis
726 1376 999 1436 attulisse
1051 1375 1196 1435 satis
1250 1374 1492 1449 habeo,
1554 1370 1925 1437 vocabulum
1970 1368 2180 1458 ὀσφῦς
2231 1396 2349 1456 per
2391 1396 2461 1435 se

200 1477 401 1537 solum
451 1477 721 1556 positum
779 1482 874 1535 est
926 1475 1005 1533 de
1063 1480 1360 1533 extrema
1410 1473 1592 1534 dorsi
1645 1483 1837 1556 parte
1897 1483 1961 1535 et
2007 1476 2087 1534 de
2140 1472 2465 1543 clunibus,

207 1585 272 1637 ut
327 1578 494 1656 apud
543 1574 974 1657 grammaticos
1026 1572 1333 1634 vocabula
1383 1573 1789 1655 ρικνοῦσθαι
1839 1580 1903 1633 et
1953 1571 2468 1655 διαρικνοῦσθαι

203 1678 579 1756 explicantes
601 1724 615 1750 ,
700 1688 858 1754 quos
926 1671 1131 1733 citavit
1194 1672 1608 1734 Schneiderus
1669 1673 1834 1734 libro
1853 1719 1870 1747 ,
1952 1673 2058 1751 qui
2119 1671 2469 1734 inscribitur

207 1781 379 1839 «Das
436 1778 710 1839 Attische
770 1766 1330 1848 Theaterweseri,»
1378 1795 1458 1853 p.
1495 1774 1639 1835 234.
1740 1774 1838 1832 Ad
1891 1779 2112 1853 poetas
2161 1774 2295 1853 jam
2349 1792 2465 1832 nos

206 1872 637 1954 convertentes
691 1878 896 1937 locum
939 1874 1365 1953 Aeschylium‚
1425 1874 1597 1953 cujus
1645 1876 1711 1933 in
1754 1874 2017 1952 gratiam
2056 1872 2219 1933 haec
2261 1873 2469 1933 omnia

205 1981 619 2060 disputamuS,
693 1972 775 2035 ad
830 1979 1071 2050 tempus
1126 1969 1501 2049 primoribus
1559 1977 1793 2032 tantum
1812 2020 1827 2046 ,
1892 1980 1962 2033 ut
2015 1974 2218 2054 ajunt,
2278 1971 2469 2033 labris

141 2097 145 2100 ’
204 2080 593 2159 attingemus,
692 2075 759 2136 Si
806 2090 961 2135 vera
1017 2078 1184 2133 esset
1232 2072 1524 2135 vocabuli
1568 2072 1737 2139 κῶλα
1787 2074 2247 2154 interpretatio,
2309 2090 2469 2151 quae

202 2179 511 2261 reperitur
560 2178 624 2237 in
669 2174 965 2236 Scholiis:
1025 2169 1111 2239 τα
1164 2172 1300 2238 τῶν
1346 2175 1576 2256 μηρῶν
1626 2166 1822 2250 ὀστᾶ,
1878 2175 2131 2259 μηρία,
2187 2187 2469 2259 μηριαῑα

204 2275 366 2343 ὀστᾶ
380 2325 403 2354 ,
463 2286 527 2337 et
566 2278 619 2337 si
663 2283 1006 2349 constaret,
1062 2274 1180 2334 diis
1223 2292 1352 2334 non
1395 2292 1532 2334 esse
1576 2275 1790 2334 oblata
1831 2277 1947 2336 nisi
1993 2295 2137 2336 ossa
2180 2277 2467 2339 carnibus

204 2379 467 2452 nudata,
542 2384 776 2438 certum
835 2384 1031 2449 esset,
1104 2374 1477 2439 vocabulum
1538 2367 1749 2453 (ἴσφῦς
1807 2376 1933 2437 hoe
1989 2379 2134 2438 loco
2194 2378 2274 2436 de
2333 2376 2468 2435 sola

204 2467 382 2559 spina
426 2497 564 2541 esse
607 2477 1090 2557 intelligendum.
1188 2476 1271 2538 At
1306 2475 1478 2555 prius
1522 2473 1673 2536 illud
1716 2482 1783 2537 ut
1823 2496 2165 2548 sumamus,
2220 2475 2467 2555 linguae

208 2601 350 2641 usus
404 2580 887 2657 haudquaquam
937 2575 1241 2656 postulat,-
1300 2576 1563 2636 alterum
1603 2574 1729 2635 hoc
1770 2577 1857 2636 ita
1901 2595 2070 2649 esse,
2130 2583 2300 2635 recte
2344 2594 2468 2634 ne-

209 2687 507 2761 gaverunt
546 2679 866 2760 Heynius,
912 2680 963 2737 J.
1003 2677 1074 2736 G.
1110 2677 1558 2752 Schneider-m,
1621 2678 2018 2738 Godofredus
2059 2678 2470 2749 HermannuS,

209 2785 270 2839 et
325 2778 681 2858 nuperrime
738 2777 898 2852 falso
957 2784 1265 2857 sumptum
1325 2786 1464 2839 esse
1519 2778 1974 2839 accuratissime
2032 2777 2304 2838 omnium
2348 2776 2470 2835 de-

207 2880 571 2940 monstravit
612 2882 679 2939 B.
717 2879 786 2940 G.
820 2880 1137 2940 Weiskius
1190 2880 1385 2954 libro,
1446 2900 1631 2959 quem
1673 2880 1979 2958 inscripsit
2027 2877 2468 2937 «Prometheus

208 2981 334 3040 und
388 2982 523 3041 sein
576 2981 1070 3062 Mythenkreis,»
1130 3000 1192 3059 p.
1226 2981 1351 3040 247
1394 2986 1550 3058 sqq.
1623 2981 1960 3038 Praeterea
2009 2977 2178 3056 apud
2220 2976 2470 3036 Aristo-

204 3082 475 3158 phanem
523 3080 832 3157 reperitur
884 3080 1285 3153 vocabulum,
1347 3087 1411 3140 et
1460 3087 1557 3141 ter
1602 3080 1885 3159 quidem,
1944 3079 2117 3140 Pacis
2161 3079 2266 3140 Vs.
2305 3079 2467 3141 1053

208 3180 286 3239 de
334 3199 452 3240 ove
498 3186 891 3261 usurpatum,
948 3181 1297 3260 Vesparum
1338 3182 1447 3243 Vs.
1483 3181 1643 3243 225:

434 3283 654 3366 ἔχουσι
692 3274 826 3361 yde
866 3279 974 3344 καὶ
1017 3280 1290 3361 κέντρον
1332 3284 1400 3343 ἐκ
1442 3282 1561 3367 τῆς
1602 3266 1879 3365 ὄσφύοέ,

207 3381 285 3440 de
320 3380 673 3440 hominibus
707 3380 929 3441 iisdem
964 3381 1197 3459 vespiS,
1240 3380 1603 3460 Amphiarai
1639 3382 2023 3464 fragmento,
2068 3382 2240 3461 quod
2275 3390 2474 3446 exstat

204 3481 371 3561 apud
426 3481 750 3542 Aelianum
806 3481 885 3541 de
941 3482 1012 3541 N.
1055 3481 1127 3541 A.
1171 3480 1322 3556 XII,
1365 3482 1437 3556 9,
1504 3483 1613 3543 cfr.
1656 3484 1949 3547 Meinekii
2001 3487 2246 3566 Fragm.
2291 3486 2463 3548 Com.

209 3584 427 3644 Graec.
474 3582 614 3643 Vol.
645 3582 721 3642 ΙΙ.
765 3583 829 3642 P.
858 3583 935 3642 ΙΙ.
979 3602 1040 3662 p.
1071 3583 1232 3645 955:

428 3676 695 3767 Ὀσφῦν
745 3679 808 3747 δ’
851 3690 915 3759 ἐξ
965 3681 1179 3770 ἄκρων
1220 3684 1667 3771 διακίγκλισον
1714 3681 1882 3769 ἠΰτε
1930 3687 2203 3772 κίγκλοι]

429 3780 663 3867 ἀνδρὸς
712 3783 1134 3869 πρεσβύτου·
1200 3789 1405 3855 τελέει
1459 3783 1522 3853 δ’
1565 3786 1849 3873 ἀγαθήν
1903 3786 2260 3872 ἐπαοιδήν,

207 3895 286 3953 de
344 3913 491 3968 ave,
556 3889 718 3973 quae
770 3896 1033 3978 κίγκλος
1090 3898 1552 3979 appellabatur,
1610 3899 1786 3958 simul
1842 3908 2026 3980 atque
2071 3900 2150 3958 de
2193 3898 2468 3980 homine.

205 3996 377 4057 Pacis
431 3997 686 4058 fabulae
735 3998 975 4071 locum,
1039 4001 1144 4077 qui
1200 4010 1296 4061 est
1341 4001 1492 4062 'inde
1549 4019 1587 4060 a
1628 4001 1733 4061 vs.
1775 4001 1939 4061 1020
1990 4020 2189 4083 usque
2240 4000 2320 4059 ad
2364 4003 2470 4061 Vs.

212 4097 408 4171 1055,
470 4102 522 4160 si
567 4101 702 4180 quis
758 4101 1065 4181 integrum
1117 4103 1459 4184 perlegerit
1510 4102 1721 4182 paullo
1766 4102 2088 4177 attentiuS,
2148 4101 2298 4162 mihi
2347 4102 2472 4162 ad-

209 4200 533 4275 sentietur,
592 4202 845 4282 opinor,
906 4222 985 4262 ex
1025 4209 1230 4264 mente
1274 4212 1505 4286 poetae
1549 4196 1677 4287 τήν
1721 4200 1939 4286 ὀσφῦν
1979 4205 2077 4265 vel
2118 4202 2288 4265 idem
2334 4223 2472 4267 esse

210 4304 379 4376 quod
422 4297 505 4369 τοὶ
546 4304 756 4390 μηρία
801 4305 932 4368 sive
976 4302 1063 4371 τώ
1104 4301 1322 4390 μηρῶ,
1368 4307 1464 4369 vel
1510 4306 1731 4370 saltem
1774 4309 1940 4369 illam
1986 4307 2269 4387 eorporis
2316 4326 2471 4386 par-
