3022 4934
1147 841 1687 904 ERRATA.

425 1081 553 1147 Png.
587 1077 642 1137 6,
680 1079 782 1127 lin.
823 1076 887 1126 15
928 1076 1088 1128 scrib.
1133 1076 1356 1145 ἐπράθη.
1396 1104 1462 1116 —-
1513 1080 1572 1125 P.
1606 1076 1662 1135 6,
1714 1077 1754 1124 1.
1790 1075 1820 1124 6
1860 1077 1927 1126 ab
1978 1080 2069 1127 im.
2111 1096 2237 1146 pag.
2275 1086 2398 1128 ante
2435 1096 2521 1128 vo-

284 1157 405 1199 cem·
435 1157 551 1199 arte
572 1147 884 1201 instet-ciam
926 1164 1107 1216 quam.
1146 1175 1215 1186 —
1249 1147 1310 1195 P.
1341 1144 1396 1206 6,
1432 1147 1472 1195 1.
1499 1144 1528 1193 5
1553 1144 1622 1195 ab
1649 1146 1743 1199 im.
1777 1162 1901 1211 pag.
1934 1163 2037 1198 scr.
2063 1148 2215 1198 «lovi.
2248 1176 2318 1187 —
2350 1149 2412 1197 P.
2438 1147 2525 1205 12,

281 1218 320 1266 l.
367 1217 391 1268 1
433 1234 536 1270 scr.
571 1217 770 1286 placet.
807 1245 873 1255 —
914 1218 975 1266 P.
1009 1214 1097 1276 16,
1132 1215 1172 1265 l.
1207 1214 1273 1265 14
1308 1215 1376 1264 ab
1411 1215 1504 1265 im.
1544 1232 1666 1282 pag.
1692 1230 1796 1265 scr.
1826 1227 1956 1273 τοῖς.
1988 1246 2052 1257 --
2089 1219 2149 1267 P.
2177 1217 2272 1276 21,
2307 1218 2349 1267 l.
2389 1218 2418 1267 5
2455 1217 2522 1267 ab

279 1288 373 1338 im.
425 1304 551 1354 pag.
601 1292 727 1355 post
759 1301 944 1337 vocem
979 1286 1064 1335 υἰι·
1093 1286 1321 1336 excidit,
1361 1283 1598 1354 quidam.
1631 1312 1707 1335 .—-
1755 1284 1815 1333 P.
1853 1284 1940 1344 50,
1975 1287 2020 1337 1.
2053 1286 2112 1336 11
2154 1288 2221 1338 ab
2260 1288 2352 1336 im.
2392 1304 2520 1355 pag.

280 1362 406 1425 post
427 1356 588 1406 verba
613 1356 827 1426 tiquam
855 1352 1086 1406 canendi
1111 1355 1416 1425 intercidit}
1459 1353 1639 1406 choro.
1664 1382 1730 1392 —
1771 1354 1830 1405 P.
1865 1354 1953 1415 53,
1984 1355 2031 1407 l.
2061 1354 2123 1406 13
2159 1357 2358 1408 ohim.
2393 1375 2518 1425 pag.

278 1442 382 1478 scr.
418 1425 684 1494 diuinae.
729 1451 796 1466 --
841 1426 901 1473 P.
936 1422 1023 1485 57,
1065 1425 1105 1475 1.
1144 1423 1174 1473 6
1223 1424 1291 1474 ab
1333 1425 1426 1474 im.
1473 1439 1598 1491 pag.
1646 1439 1750 1474 scr.
1791 1422 2172 1490 κοκκοβόαν.
2211 1456 2281 1465 -
2330 1429 2390 1477 Ρ.
2428 1426 2520 1487 62,

275 1497 316 1545 1.
358 1495 390 1545 3
428 1496 495 1545 ab
530 1496 624 1545 im.
666 1511 789 1561 pag.
832 1508 936 1543 scr.
976 1494 1328 1544 Florentinis.
1369 1520 1438 1530 --
1477 1492 1646 1551 Ρ.71,
1683 1494 1724 1541 1.
1763 1492 1826 1541 16
1865 1510 1971 1545 scr.
1990 1499 2189 1565 posuit.
2231 1525 2300 1535 --
2336 1498 2396 1545 P.
2427 1496 2519 1556 71,

276 1567 319 1613 1.
347 1563 377 1612 3
403 1565 470 1612 ab
497 1566 593 1613 im.
623 1580 750 1630 pag.
783 1579 886 1612 scr.
915 1562 1180 1611 malimus.
1215 1589 1279 1600 —
1321 1563 1380 1610 P.
1407 1560 1498 1621 77,
1535 1563 1577 1611 1.
1613 1560 1644 1609 3
1686 1561 1754 1609 ab
1793 1563 1886 1611 im.
1926 1582 2048 1632 pag.
2086 1582 2215 1634 pro:
2277 1565 2521 1615 dextram

274 1650 376 1683 scr.
416 1635 704 1683 sinistram.
745 1657 809 1670 —-
850 1634 910 1680 P.
940 1630 1110 1691 8221.
1151 1631 1219 1681 22
1256 1648 1358 1680 scr.
1401 1630 1846 1700 epiphtheqmate.
1895 1663 1963 1674 —
2001 1636 2062 1683 P.
2094 1636 2185 1695 84,
2222 1636 2264 1683 l.
2307 1633 2371 1683 13
2409 1652 2515 1686 scr.

274 1720 436 1751 unam
478 1711 707 1770 partem.
765 1729 832 1738 —-
889 1702 949 1747 P.
989 1699 1080 1764 86,
1131 1701 1173 1748 l.
1219 1699 1280 1747 16
1316 1700 1384 1747 ab
1435 1702 1526 1748 im.
1579 1718 1704 1766 pag.
1743 1717 1847 1749 scr.
1885 1704 2036 1762 οὶῙαοι.
2075 1732 2140 1742 -
2182 1706 2245 1753 Ρ.
2274 1703 2364 1751 89.
2402 1705 2443 1752 l.
2488 1705 2511 1752 1

272 1790 375 1822 scr.
416 1771 479 1820 οἱ.
520 1800 586 1810 —-
631 1772 691 1818 P.
722 1768 813 1827 96,
861 1770 901 1817 l.
956 1767 1021 1817 18
1065 1769 1138 1819 ab
1184 1770 1276 1817 im.
1315 1789 1441 1835 pag.
1478 1777 1604 1819 ante
1637 1772 1908 1832 βασιλεῖ·
1937 1774 2214 1824 intercidit
2249 1771 2403 1840 θῦῃ.
2445 1802 2515 1812 -—

273 1842 333 1890 P.
377 1838 466 1900 96,
503 1840 543 1890 l.
585 1837 649 1888 14
688 1838 754 1889 ab
791 1838 884 1888 im.
924 1857 1049 1905 pag.
1089 1857 1186 1905 pro
1222 1840 1398 1890 verbis
1431 1857 1534 1890 scr.
1572 1838 1828 1889 versibus.

405 2287 658 2339 Leviores
711 2287 967 2352 quosdam
1020 2259 1328 2352 typothetae
1380 2303 1586 2337 errores
1640 2287 1698 2336 in
1745 2287 1921 2337 verbis
1969 2285 2330 2336 exscribendis
2367 2305 2508 2338 com-

262 2375 455 2422 missos
488 2378 542 2421 et
576 2372 1026 2438 interpunctionis
1065 2372 1221 2448 signi:
1270 2372 1366 2420 ubi
1409 2389 1518 2420 non
1569 2377 1714 2421 recte
1767 2375 1943 2441 posita
1983 2374 2124 2433 sint,
2167 2372 2258 2422 ubi
2311 2377 2507 2422 temere

262 2461 489 2518 omissa,
550 2458 789 2507 indicare
828 2458 1257 2526 supersedemus.
