3022 4934
1084 303 1547 366 —103—

1216 606 1409 690 VII.

258 767 451 840 Agitur
485 771 553 824 «le
592 771 879 824 simulacro
915 770 1100 840 ligneo
1139 770 1413 823 Minervae
1448 766 1728 828 Pali-dis,
1787 767 1932 834 quod
1980 766 2172 819 Atheni
2175 784 2200 819 s
2254 774 2371 820 erat

414 889 439 897 ,,
1175 857 1234 906 in
1287 871 1431 907 ..τοο

1021 1003 1609 1071 ΕΥΕΛΠῙΔΗΣ.

354 1100 672 1188 Λιπαρὸν
711 1101 791 1170 τὸ
830 1103 1059 1188 χρῆμα
1098 1104 1219 1184 τῆς
1263 1103 1529 1176 πόλεως.
1615 1103 1736 1173 Τίς
1783 1101 1890 1165 δαὶ
1937 1096 2101 1172 θεὸς

354 1204 714 1291 πολιοῦχος
742 1207 961 1279 &ovam
1016 1203 1124 1287 Τω
1166 1205 1512 1299 ξανοῦμεν
1552 1198 1674 1271 τὸν
1710 1201 2017 1274 πέπλονς

933 1309 1698 1404 ΠΕῙΣΘΕΤΑῙΡΟΣ·

364 1435 450 1502 Τι’
492 1428 547 1500 δ’
590 1458 712 1500 ουκ
752 1423 1147 1515 Ἀθηναίαν
1198 1435 1408 1519 ἐῶμεν
1452 1427 1779 1506 ’πολιαδας

1013 1568 1599 1638 ΕΥΕΛΠΙΔΗΣ.

350 1666 489 1733 Καὶ
530 1668 668 1741 πῶς
707 1693 795 1734 αν
836 1672 933 1734 ἔτι
972 1665 1213 1753 γένοιτ’
1256 1695 1344 1736 αν
1386 1665 1700 1741 εὔτακτος
1742 1660 1961 1744 πόλις,

352 1763 526 1833 ὅπου
567 1769 770 1844 θεός,
810 1793 981 1853 γυνη
1029 1786 1364 1857 γεγονυῖα,
1410 1771 1801 1836 πανοπλίαν

351 1864 563 1949 ἕστηκ’
602 1873 890 1954 ἔχουσα,
921 1864 1335 1953 Κλεισθένης
1371 1871 1445 1937 δὲ
1487 1869 1789 1951 κερκίδας

181 1965 418 2030 Verba
428 1962 822 2049 Ἀθηναίαν
851 1957 1165 2034 nonedam
1211 1972 1292 2031 de
1338 1988 1431 2031 ea
1469 1970 1760 2030 Minerva
1814 1967 2223 2048 intelligenda
2282 1986 2439 2043 esse,

182 2070 355 2150 cujus
397 2068 544 2126 inde
606 2087 646 2126 a
699 2067 914 2146 primis
977 2069 1364 2148 temporibus
1407 2068 1705 2149 templum
1762 2068 1878 2128 fuit
1937 2067 2002 2127 in
2045 2086 2193 2129 arce
2235 2068 2440 2130 Athe-

182 2189 403 2234 narum
445 2177 510 2231 et
563 2169 958 2232 simulacrum
1013 2171 1473 2241 sanctissimum*
1517 2170 1598 2242 >in
1640 2170 1766 2230 hoc
1827 2171 1966 2249 ipso
2028 2167 2267 2250 templo
2311 2189 2443 2249 po-

182 2270 397 2345 situm,
443 2288 584 2331 cum
626 2288 704 2331 ex
744 2271 895 2350 ipsis
937 2270 1060 2331 illis
1101 2271 1307 2332 verbis
1352 2276 1618 2350 apparet
1656 2276 1787 2332 tum
1831 2288 1911 2332 ex
1950 2270 2026 2331 iis
2050 2315 2066 2342 ‚
2130 2286 2294 2348 quae
2336 2272 2443 2330 Vs.

173 2368 308 2431 827
351 2373 511 2428 sunt.
594 2369 760 2449 Ergo
805 2389 883 2429 ex
943 2369 1071 2430 hoc
1112 2367 1260 2429 loco
1305 2359 1616 2448 sequitur,
1678 2368 1805 2440 hoc
1862 2367 2262 2429 simulacrum
2315 2367 2444 2429 Mi-

181 2485 410 2529 nervae
452 2470 668 2530 stantis
725 2470 917 2530 fuisse
962 2476 1024 2529 et
1082 2471 1469 2535 πανοπλίαν
1493 2469 1805 2550 gerentis-
1882 2469 1977 2529 ,ld
2017 2468 2260 2548 ipsum,
2325 2469 2440 2528 sed

184 2566 371 2629 etiam
417 2570 805 2631 accuratiora
867 2569 1177 2650 quaedam
1211 2569 1513 2634 vdiscimus
1570 2589 1651 2632 ex
1705 2570 1851 2630 loco
1916 2570 2266 2648 EuripidiS,
2332 2570 2439 2647 qui

184 2671 280 2727 est
318 2666 605 2728 Electrae
646 2669 754 2730 Vs.
795 2667 959 2729 1255
1000 2687 1136 2747 sqq.
1178 2668 1429 2744 Matth.,
1489 2668 1598 2737 ubi
1639 2657 1933 2730 Dioscuri
1975 2668 2055 2734 de
2090 2668 2287 2728 Furiis
2330 2667 2438 2728 lo-

183 2770 439 2843 quentes
479 2765 568 2826 ita
610 2759 1105 2827 sermocinantur
1148 2766 1233 2841 ad
1275 2766 1561 2833 Orestem
1604 2767 1921 2830 conversiz

346 2859 619 2932 Ἐλθων
660 2865 718 2932 δ’
755 2864 1101 2950 Ἀθήνας,
1165 2866 1522 2941 Παλλαδος
1564 2864 1816 2946 σεμνὸν
1854 2864 2102 2947 βρέτας

350 2966 791 3049 πρόςπτυξον·
841 2974 1032 3050 εἴρξει
1070 2992 1199 3051 γαρ
1241 2991 1350 3033 νιν
1407 2967 1829 3050 ἐπτοημένας

350 3064 591 3139 δεινοῖς
606 3060 1017 3189 δράκουσιν,
1060 3091 1224 3133 move
1266 3093 1365 3152 μη
1404 3064 1658 3185 ψαύειν
1716 3066 1921 3131 σέθεν

346 3157 625 3248 γοργῶφ’
682 3156 1195 3264 υπερτείνουσα
1225 3191 1345 3234 σου
1398 3191 1597 3252 καρᾳ
1602 3160 1882 3234 κύκλον.

178 3268 393 3346 Neque
437 3265 603 3326 enim
647 3265 900 3327 dubium
946 3260 1072 3343 est,
1129 3269 1283 3347 quin
1323 3267 1451 3343 hoc
1514 3284 1765 3344 quoque
1830 3266 1977 3327 loco
2042 3268 2438 3330 simulacrum

176 3367 453 3448 ligneum
482 3365 796 3427 Minervae
827 3351 1101 3437 Poliaflis
1140 3352 1534 3449 significetur‚
1618 3364 2027 3427 Accuratiora
2067 3355 2274 3430 autem
2311 3369 2439 3443 illa,

181 3486 342 3548 quae
403 3466 533 3525 hoc
586 3465 734 3526 loco
792 3448 1122 3540 docemur,
1154 3453 1340 3525 haec
1383 3464 1557 3527 sunt·
1622 3447 2020 3527 simulacrum
2078 3466 2237 3528 deae
2295 3468 2438 3550 cly-

178 3586 367 3647 peum
432 3566 741 3645 Gorgonis
819 3585 932 3627 ore
997 3566 1353 3649 insignitum
1419 3573 1695 3648 gestasse
1765 3585 2033 3646 eumque
2103 3569 2167 3628 in
2244 3567 2438 3629 altum

179 3666 532 3742 sustulisse3
577 3666 656 3728 de
700 3666 921 3745 quibus
962 3666 1086 3743 vid.
1132 3667 1320 3730 etiam
1386 3686 1548 3749 quae
1592 3667 2037 3748 disputavimus
2081 3667 2437 3750 Conjectan.

179 3767 244 3825 in
284 3766 988 3848 Aeschyli'Eumenidges
1031 3769 1095 3826 P.
1127 3769 1195 3833 Ῑ.ἰ
1215 3788 1276 3845 p.
1311 3758 1481 3829 LXII
1516 3790 1610 3848 sq.
1695 3769 1856 3828 Num
1900 3787 1981 3828 ex
2040 3769 2166 3829 hoc
2211 3769 2438 3828 eodem

64 3862 68 3865 ’
176 3869 488 3950 Euripidis
530 3871 673 3929 loco
718 3870 1011 3949 colligere
1053 3870 1231 3944 licet,
1271 3871 1694 3931 ‘simulacrum
1736 3870 1896 3930 illud
1938 3887 2059 3926 non
2100 3869 2437 3928 intentasse

178 3967 424 4030 hastam
467 3986 670 4049 neque
713 4004 792 4016 -
837 3967 904 4028 id
948 3970 1121 4049 quod
1165 3989 1305 4032 cum
1346 3972 1474 4033 hoc
1519 3974 1916 4053 conjunctum
1961 3987 2101 4029 esse
2145 3968 2311 4029 solet
2352 4003 2439 4014 —

182 4069 443 4132 alterum
486 4072 711 4150 pedem
756 4068 1137 4150 projecisse,
1183 4070 1289 4149 qui
1331 4080 1528 4136 status
1574 4091 1792 4134 eorum
1835 4074 1946 4144 est,
1991 4069 2096 4150 qui
2140 4069 2440 4150 impetum

183 4178 327 4233 sunt
367 4172 636 4234 facturi?
680 4160 684 4163 ’
735 4172 875 4253 Ajat
935 4169 1191 4251 aliquis,
1261 4183 1448 4252 quum
1504 4171 1740 4251 alioqui
1811 4190 1939 4233 non
2005 4170 2271 4250 liqueat,
2333 4193 2443 4236 cur
2496 4177 2502 4183 '

183 4290 313 4332 non
357 4274 938 4345 commemoraverit
998 4278 1189 4354 poeta
1247 4273 1507 4336 hastam·
1545 4274 1907 4337 intentatam
1931 4318 1947 4348 ,
2009 4290 2217 4354 neque
2243 4272 2441 4334 illam
