3022 4934
1391 266 1853 328 -102—

514 435 630 495 bus
672 450 1058 506 sermonem,
1124 432 1230 511 qui
1290 451 1552 516 peregre
1580 491 1583 494 ,
1613 431 1975 499 advenerint
2038 433 2259 499 itinere
2324 433 2544 509 facto,
2583 457 2771 506 nemo

501 533 643 613 jure
689 531 986 594 offendat.
1031 563 1112 586 -.-
1177 530 1302 593 Sed
1347 551 1494 603 ecce
1517 533 1662 597 -alia
1707 533 1903 595 oritur
1945 531 2287 606 difficultas.
2371 534 2650 615 Namque
2689 538 2772 599 M.

503 633 580 692 H.
623 634 694 695 E.
747 622 1019 695 Meierus
1073 632 1474 713 Ephemerid.
1508 634 1694 703 diter.
1736 633 2012 705 Halens..
2036 652 2120 704 a„
2141 633 2306 699 1836
2349 652 2563 708 mense
2598 632 2769 704 Julio

511 733 657 792 edit.
699 752 761 811 p.
799 735 924 794 327
971 740 1034 794 et
1091 734 1154 794 C.
1213 735 1286 795 Ο.
1329 734 1666 801 Muellerus
1731 732 1963 803 Hister.
2026 731 2192 803 liter.
2247 734 2464 805 Graec.
2521 734 2663 795 Vol.
2697 735 2771 795 11.

505 851 567 910 p.
602 832 685 893 32
728 853 821 913 sq.
866 854 947 895 ex
987 832 1161 915 lege,
1229 852 1390 913 quae
1417 881 1419 883 -
1449 842 1546 895 est
1602 833 2296 913 apud-Demosthenem
2340 840 2498 908 orat.
2536 835 2602 896 in
2642 837 2771 897 Mi·-

507 932 673 996 diam
718 932 783 1013 §-
818 937 915 995 10.
958 955 1022 1013 p.
1057 935 1182 994 517
1222 953 1314 1011 sq.
1377 949 1687 1013 apparere
1731 933 2142 1007 contendunt,
2193 932 2259 992 in
2300 933 2481 998 ludis
2507 934 2768 997 scenicis

508 1032 902 1095 Lenaeorum
943 1035 1157 1114 priore
1200 1032 1348 1095 loco
1394 1040 1562 1094 actas
1608 1049 1749 1098 esse
1792 1032 2174 1113 tragoedias,
2238 1031 2470 1110 altero.
2504 1050 2770 1098 comoe-

514 1132 647 1193 dias
667 1180 683 1208 ,
727 1135 844 1194 sed
885 1133 1274 1204 Liberalibus
1319 1142 1446 1196 tam
1486 1133 1795 1196 ruralibus
1840 1152 2025 1213 quam
2067 1133 2321 1194 urbanis
2360 1134 2606 1196 inverso
2651 1155 2769 1196 or-

509 1231 652 1290 dine
697 1233 1102 1296 antecessisse
1148 1232 1549 1304 comoedias,
1614 1239 1861 1291 secutas
1906 1252 2045 1293 esse
2101 1233 2471 1313 tragoedias.
2556 1236 2770 1317 Neque

502 1330 746 1412 injuria,
790 1337 857 1390 ut
886 1330 1148 1391 videtur.
1232 1330 1421 1409 Atqui
1467 1329 1631 1389 Aves
1671 1328 2061 1405 Liberalibus
2098 1331 2360 1401 urbanis,
2388 1343 2591 1414 actam
2631 1356 2770 1408 esse

508 1438 766 1492 constat.
850 1432 1102 1512 Ergone
1146 1437 1254 1492 aut
1295 1441 1412 1491 n'os
1472 1429 1627 1499 illud
1682 1428 1844 1489 falso
1906 1428 2266 1509 collegimus
2312 1451 2391 1492 ex
2429 1431 2576 1504 loco
2619 1434 2768 1510 Ari-¹

505 1532 875 1611 stephanio,
923 1539 1031 1592 aut
1070 1533 1138 1592 hi
1180 1532 1297 1592 viri
1339 1529 1733 1618 celeberrimi
1773 1529 1902 1589 hoc
1947 1549 2025 1589 ex
2063 1529 2205 1610 lege
2245 1533 2563 1613 Euegori?
2627 1536 2768 1597 Non

506 1632 764 1712 opinor,
827 1634 1188 1694 necessario
1232 1632 1320 1693 ita
1363 1624 1755 1709 statuendum
1800 1648 1957 1689 esse.
2046 1630 2275 1704 Quidni
2320 1634 2483 1693 enim
2524 1653 2767 1696 sumere

502 1735 760 1809 licuerit,
804 1735 1285 1813 Aristophanem
1327 1734 1413 1806 ad
1455 1731 1629 1794 solos
1667 1729 1854 1819 ludos
1897 1730 2182 1793 scenicos
2223 1732 2615 1796 Lenaeorum
2651 1755 2764 1797 re—

504 1834 797 1914 spicere?
882 1835 1062 1909 Quae
1104 1834 1411 1896 sententia
1453 1835 1509 1894 si
1548 1849 1695 1895 vera
1736 1830 1923 1893 fuerit
1963 1831 2114 1907 visa,
2154 1849 2271 1911 per
2321 1831 2487 1894 hunc
2530 1833 2766 1895 Comici

505 1935 720 1995 locum
768 1935 980 1996 licebit
1023 1935 1208 1996 etiam
1251 1937 1410 1999 duos
1459 1934 1643 2006 illos,
1711 1931 1817 2011 qui
1860 1938 2002 1992 sunt
2064 1931 2232 2010 apud
2271 1931 2658 2014 Athenaeum
2703 1942 2765 1996 et

505 2034 906 2113 Hesychium,
949 2035 1038 2094 ita
1091 2035 1462 2116 intelligere,
1499 2033 1692 2093 modo
1752 2038 2092 2111 statuatur,
2149 2032 2589 2109 Philochorum
2634 2031 2762 2113 non

505 2134 733 2208 dicere,
774 2141 904 2194 tum
929 2134 1341 2202 Athenienses
1373 2151 1514 2192 mm
1544 2131 2118 2206 *ivissespectatum
2153 2130 2289 2193 nisi
2316 2125 2763 2211 ojpmvmdwc,

504 2240 632 2295 tum
673 2232 886 2295 vinum
929 2238 992 2295 et
1032 2230 1302 2295 bellaria
1344 2228 1677 2310 antiquitus
1719 2226 1784 2287 in
1827 2225 1990 2288 ludis
2039 2226 2300 2308 scenicis
2338 2248 2592 2313 semper
2614 2233 2791 2311 >oh·-

504 2335 634 2395 lata
677 2354 833 2394 esse.
934 2335 1220 2413 Denique
1256 2333 1388 2396 hoc
1428 2330 1698 2411 probato
1744 2348 1948 2409 neque
1984 2348 2161 2409 ,opus
2208 2331 2358 2405 erit,
2419 2333 2761 2411 reprobare

504 2453 601 2510 ea,
643 2453 804 2515 quae
847 2453 963 2496 nos
1005 2433 1223 2514 paullo
1265 2449 1456 2512 supra
1499 2430 1765 2494 diximus
1811 2432 1890 2492 de
1926 2423 2208 2511 tempore
2253 2429 2407 2505 diei,
2452 2450 2578 2510 quo
2621 2439 2761 2495 acta

502 2536 661 2596 Aves
705 2533 1039 2595 videretur.
1123 2533 1487 2594 Tenendum
1531 2540 1626 2602 est
1669 2533 1852 2606 enim,
1896 2552 2100 2610 neque
2125 2532 2515 2594 Liberalibus
2559 2533 2757 2594 urba-

503 2636 597 2696 nis
629 2653 667 2694 a
709 2618 1049 2696 comoediis
1093 2633 1351 2713 agendis
1383 2631 1626 2705 initium
1668 2639 1915 2711 captum
1956 2652 2112 2707 esse,
2154 2632 2268 2694 sed
2301 2640 2462 2708 sunt,
2504 2640 2572 2692 ut
2606 2634 2757 2714 ipsis

503 2735 709 2798 verbis
752 2741 1029 2808 utamur,
1072 2752 1235 2814 quae
1275 2734 1413 2813 lege
1454 2732 1568 2792 illa
1611 2733 2021 2814 continentur,
2066 2746 2200 2805 τοῖς
2240 2739 2317 2798 ἐν.
2357 2730 2538 2807 ἄστει
2602 2737 2759 2814 Διο-

501 2834 752 2906 νυσίοις
790 2830 835 2910 ἦ
879 2830 1127 2915 πομπή
1170 2831 1277 2896 καὶ
1323 2836 1388 2894 οἱ
1431 2830 1664 2901 παῖδες
1718 2830 1825 2894 καὶ
1868 2825 1903 2895 ὁ
1949 2831 2161 2914 κῶμος
2200 2830 2304 2895 καὶ
2349 2835 2412 2896 οἱ
2455 2832 2753 2916 κωμῳδοὶ

378 2993 384 2997 .
500 2936 618 2999 καὶ
649 2939 712 2999 οἱ
752 2931 1094 3015 τραγῳδοί.
1130 2964 1218 2986 -.-
1277 2932 1445 3011 Ergo
1489 2945 1698 3009 neque
1740 2931 1917 2992 locus
1981 2928 2456 3007 Aristophanius
2511 2930 2757 2992 videtur

378 3093 382 3097 Α
501 3034 621 3095 nisi
661 3034 750 3095 ita
792 3032 1187 3110 accipiendus
1232 3050 1386 3105 esse,
1430 3036 1498 3091 ut
1539 3032 1602 3091 in
1645 3029 1808 3093 ludis
1868 3028 2756 3115 scenicichnaeommtra-

500 3134 760 3217 goedias
805 3130 1344 3202 antemeridiem,
1405 3131 1764 3209 comoedias
1806 3138 2089 3213 tempore
2131 3132 2597 3209 pomeridiano,
2657 3135 2757 3195 vel

499 3232 721 3295 saltem
761 3229 899 3291 illas
945 3235 1089 3289 ante
1129 3227 1248 3288 has
1284 3226 1384 3306 agi
1419 3225 1629 3287 solitas
1675 3244 1817 3309 esse
1851 3234 2210 3308 statuamus.
2292 3231 2373 3292 Et
2411 3230 2570 3292 haec
2609 3234 2758 3311 qui-

501 3334 646 3394 dem
680 3350 869 3411 super
894 3330 1017 3390 hac
1047 3348 1117 3389 re
1156 3328 1386 3388 dixisse
1426 3327 1510 3387 ad
1536 3332 1779 3406 tempus
1811 3328 1960 3389 satis
1993 3328 2223 3391 habeo.
2312 3328 2597 3391 Ceterum
2629 3352 2757 3393 non

496 3453 757 3513 possum
797 3431 1025 3504 facere,
1071 3429 1219 3508 quin
1247 3412 1560 3501 moneam,
1604 3429 1892 3490 Carolum
1925 3429 2308 3490 Fridericum
2334 3428 2755 3495 Hermannum

500 3553 579 3594 ex
619 3533 744 3593 hoc
785 3530 933 3592 loco
978 3528 1241 3610 eandem
1282 3531 1484 3610 ipsam
1528 3529 1948 3611 conjecturam
1992 3530 2250 3610 cepisse,
2292 3515 2412 3592 nisi
2460 3533 2630 3615 quod
2671 3535 2754 3597 de

497 3634 658 3695 ludis
723 3631 983 3699 scenicis
1049 3623 1444 3691 Lenaeorum
1517 3648 1646 3687 non
1710 3629 2092 3708 cogitaverat
2154 3630 2247 3692 vir
2316 3630 2750 3695 celeberrimus
2829 3713 2832 3716 .

496 3734 788 3812 idemque
840 3732 1083 3813 collega
1125 3729 1675 3815 conjunctissimus.
1707 3762 1791 3776 -
