3022 4934
1150 313 1233 326 -
1321 280 1615 368 21--f

232 444 345 503 der
369 444 781 506 dichterische
807 448 904 519 ist,
935 446 1192 514 und2des
1215 442 1712 505 anzatomisclaen
1735 446 1798 504 in
1820 443 2101 505 Hinsicht
2124 442 2238 502 der
2253 442 2487 502 Namen

234 543 345 608 der
387 546 510 606 den
544 546 803 612 Gottern
847 565 921 604 zu
964 545 1338 605 weihenden
1374 545 1611 606 Theile.
1693 541 2047 606 Besonders
2091 544 2338 622 wichtig
2379 561 2489 616 zur

230 646 576 725 Erklarung
619 644 744 702 und
777 644 1224 725 Widerlegung
1266 644 1489 724 irriger
1529 644 1860 704 Ansichten
1904 646 1983 704 ist
2025 643 2140 702 der
2173 642 2488 712 Umstand‚

232 747 373 804 dass
430 745 719 803 mehrere
763 747 987 805 Worte
1041 746 1188 805 hald
1244 763 1395 803 vom·
1431 744 1762 816 Knochen,
1825 746 1996 801 bald.
2026 741 2307 825 zugleich
2363 759 2486 800 von

232 846 801 927 den·a111iegenden
838 846 1315 909 Fleischthessen
1345 846 1700 925 -gehraucht
1742 843 2062 916 werden,»
2127 853 2217 916 et,
2274 844 2486 903 adno-

235 947 462 1007 tatione
512 950 585 1009 4:
652 948 811 1007 «Die
869 946 1537 1009 unwissenschaftliche
1595 945 1948 1024 Sprache,»
2017 944 2246 1021 inquit,
2313 946 2482 1005 «be-

231 1046 524 1111 zeichnet.
551 1068 742 1129 ganze
787 1048 1126 1133 Regionen
1170 1049 1279 1108 mit
1323 1050 1525 1126 einem
1567 1049 1811 1108 Worte.
1911 1047 2055 1107 Wie
2109 1048 2316 1127 μηροὶ
2337 1095 2351 1116 ,
2411 1067 2484 1106 so

233 1149 626 1214 unbestimmt
678 1152 890 1234 ἰσχία..
944 1150 1180 1209 Hiiften
1232 1149 1363 1206 und.
1409 1157 1616 1220 nates,
1678 1141 1915 1227 ὀσφύς,
1973 1146 2325 1204 Kreuzbein
2378 1147 2488 1205 mit

233 1249 389 1307 oder
446 1249 612 1310 ohne
667 1249 928 1312 Hanken
985 1249 1111 1309 und
1163 1249 1439 1309 Lenden.
1541 1249 1625 1308 So
1683 1249 1890 1321 κῶλα,
1957 1248 2152 1326 σκέλη
2202 1266 2262 1304 u.
2288 1265 2337 1304 s.
2366 1266 2480 1304 w.»

232 1345 458 1407 Contra
503 1343 679 1432 ἱερὸν
730 1343 974 1412 ὀστοῦν
1022 1368 1148 1409 non
1181 1347 1496 1429 significat
1537 1349 1653 1408 nisi
1697 1366 1950 1408 merum
1995 1364 2085 1405 os·
2171 1346 2268 1405 De
2311 1366 2480 1423 quo-

231 1466 364 1507 rum
418 1449 479 1509 vi
534 1449 975 1509 vocabulorum
1036 1457 1098 1509 et
1152 1450 1455 1510 relatione
1526 1449 1606 1507 ad
1674 1465 1896 1508 vocem
1967 1443 2173 1525 ὀσφῦς
2230 1457 2484 1524 praeter

232 1565 336 1619 ea,
400 1568 558 1624 quae
608 1550 739 1627 jam
794 1567 981 1625 supra
1035 1549 1301 1627 allegata
1351 1556 1521 1620 sunt,
1585 1547 1835 1627 dignum
1891 1545 2076 1604 etiam
2132 1552 2253 1619 est,
2317 1546 2484 1623 quod

231 1649 613 1720 consulatur,
668 1649 860 1709 schol.
907 1642 1486 1714 ad'Theocritin„
1521 1649 1634 1722 Vl,
1665 1649 1785 1708 30:
1826 1641 2033 1731 Ἰσχία
2080 1646 2147 1710 δὲ
2193 1640 2275 1711 τοὶ
2322 1641 2487 1713 ὑπὸ

230 1744 371 1832 τήν
411 1749 676 1832 ὀσφῦν
718 1756 783 1825 ἐξ
821 1752 1142 1833 ἑκατέρων
1186 1753 1319 1816 τῶν
1362 1754 1583 1834 μερῶν
1625 1744 1822 1824 ὀστᾶ,
1875 1753 1949 1813 ἐν
1993 1746 2092 1818 οἷς
2135 1742 2484 1812 ἀπόκειται

229 1843 306 1914 vd
352 1842 526 1932 ἱερὸν
569 1853 831 1915 οστοῦν.
916 1838 1380 1910 Accuratissime
1426 1871 1578 1911 vero
1626 1850 1809 1910 etiam
1853 1848 1932 1907 de
1978 1866 2157 1906 sacro
2204 1865 2315 1907 ore
2362 1851 2487 1929 egit

228 1949 470 2020 Pollux,
515 1955 658 2026 post
692 1949 829 2020 illa,
875 1967 1036 2025 quae
1069 1969 1259 2027 supra
1293 1950 1375 2008 ad
1411 1949 1838 2010 illus-trandum
1874 1946 2243 2006 vocabulum
2277 1939 2392 2026 o’oq
2410 1951 2486 2017 ὗς

230 2049 387 2128 typis
434 2049 793 2107 excudenda
838 2050 1210 2124 curavimuS,
1254 2052 1340 2111 ita
1381 2070 1650 2131 pergens
1694 2068 1886 2129 segm.
1913 2047 2032 2109 182
2073 2057 2135 2107 et
2172 2048 2327 2109 183:
2374 2056 2485 2111 ἵνα

232 2150 301 2212 δὲ
350 2154 408 2217 οἱ
454 2144 814 2231 σφόνδυλοι
856 2148 1374 2234 καταλήγουσιν,
1415 2148 1629 2232 ἱερὸν
1672 2146 1960 2218 ὀστοῦν
2008 2151 2330 2213 καλεῖται·
2381 2152 2486 2213 καὶ

231 2247 524 2334 ἄρχεται
522 2253 671 2331 μὲν
720 2254 783 2324 ἐξ
836 2243 1197 2332 ευρύτητος
1239 2244 1378 2321 ‘uno=
1414 2248 1551 2332 τὴν
1590 2245 1827 2336 ῥάχιν,
1883 2243 2374 2315 ὑποστενσύται
2418 2251 2487 2316 δὲ

230 2345 397 2416 κατὰ,
441 2343 567 2432 τὴν
608 2346 891 2432 κόκκυγα
936 2348 1447 2432 καλούμενον,
1427 2347 1503 2424 ὃς
1545 2352 1656 2415 καὶ
1698 2345 2105 2432 σφονδύλων
2148 2352 2254 2415 καὶ
2301 2344 2493 2435 ὀρῤο-

233 2449 483 2533 πύγιον
528 2446 946 2531 ὀνομάζεται·
993 2452 1102 2515 οὐ
1119 2448 1209 2517 ⁶16
1237 2445 1572 2533 «ὑπεράνω,
1613 2448 1822 2531 ὀσφῦς
1857 2484 1937 2496 -
1967 2453 2094 2516 τισὶ
2137 2452 2206 2516 δὲ
2247 2455 2354 2518 καὶ
2397 2448 2485 2515 cd

234 2542 500 2631 ἱερὸν
529 2544 845 2626 ὀστοῦν
911 2544 950 2616 o‘
1013 2545 1327 2633 τρητός
1402 2547 1706 2625 κόκκυξ
1769 2553 2091 2616 καλεῖται·
2177 2554 2289 2616 καί
2350 2557 2488 2616 ἐστι

231 2645 502 2719 πάντων
566 2653 903 2737 μέγιστον
956 2685 1073 2722 -,
1144 2656 1280 2715 Jam
1344 2661 1419 2713 ut
1457 2650 1729 2724 redeat,
1804 2653 1966 2713 unde
2030 2654 2311 2734 digressa
2375 2663 2488 2727 est,

230 2753 465 2826 oratio,
539 2759 633 2812 est
693 2772 844 2835 ergo
877 2755 1086 2835 hujus
1142 2753 1472 2815 locutionis
1531 2753 1614 2820 ad
1647 2754 1839 2821 ,illam
1881 2754 2042 2815 haec
2095 2755 2346 2830 relatio,
2405 2765 2487 2829 ut,

230 2855 505 2933 quamvis
571 2852 748 2935 ἱερὸν
813 2847 1059 2921 ὀστοῦν
1132 2856 1301 2937 apud
1373 2856 1688 2916 technicos
1754 2856 2093 2916 accuratius
2160 2858 2485 2935 loquentes

232 2942 613 3031 discernatur
657 2957 735 3016 ab
783 2974 885 3029 ea,
931 2974 1115 3033 quam
1150 2951 1365 3036 ὀσφύν
1401 2963 1651 3027 vocant,
1699 2964 1904 3014 tamen
1942 2955 2109 3032 apud
2144 2957 2481 3034 scriptores

231 3079 405 3118 usum
466 3058 885 3134 quotidianum
947 3041 1276 3139 sequentes
1336 3055 1706 3124 vocabulum
1768 3048 1972 3134 ὀσφῦς
2033 3063 2100 3113 ut
2157 3055 2486 3133 plurimum

229 3156 529 3237 significet
586 3165 791 3217 totum
854 3156 1035 3234 quid,
1119 3156 1290 3236 cujus
1359 3173 1519 3236 pars
1591 3155 1901 3233 quaedam
1966 3176 2043 3215 ex
2104 3175 2277 3215 mero
2342 3176 2484 3217 osse

228 3266 512 3325 constans
545 3264 656 3319 ,est
705 3249 881 3338 ἱερὸν
933 3249 1193 3324 ὀστοῦν.
1292 3252 1479 3331 Quod
1514 3275 1675 3321 vero
1722 3257 1803 3318 ad
1856 3265 2174 3325 auctorem
2216 3259 2485 3340 Etymo—

224 3360 409 3442 logici
452 3358 659 3441 Magni
705 3357 920 3420 attinet
962 3376 1203 3419 sacrum
1250 3378 1320 3418 os
1368 3377 1654 3439 magnum
1707 3378 1846 3419 esse
1901 3360 2229 3433 tradentis,
2291 3360 2485 3422 videri

226 3464 472 3543 quidem
516 3470 723 3541 potest
763 3460 923 3518 haec
967 3459 1184 3527 notitia
1228 3479 1307 3519 ex
1345 3460 1502 3521 falsa
1542 3461 2054 3541 interpretatione
2100 3464 2269 3521 vocis
2305 3457 2485 3542 ἱερὸν

223 3565 500 3637 fluxisse,
533 3579 798 3628 ——pvera
844 3562 1008 3629 enim
1049 3562 1270 3640 procul
1314 3562 1503 3621 dubio
1550 3581 1628 3620 ea
1659 3564 1987 3625 locutionis
2025 3557 2202 3642 ἱερὸν
2238 3560 2486 3630 ὀστοῦν

224 3664 549 3744 explicatio
597 3669 720 3735 est,
776 3681 959 3741 quam
1002 3663 1170 3724 idem
1213 3665 1644 3744 grammaticus
1691 3665 1890 3727 attulit
1936 3665 2030 3725 his
2076 3665 2320 3725 verbis:
2381 3663 2482 3729 ὅτι

223 3771 644 3847 ἱερουργεῑται
690 3774 825 3833 τοῖς
870 3770 1080 3837 θεοῖς,
1125 3799 1206 3816 -.-
1253 3766 1367 3826 sed
1411 3766 1608 3829 ,claris
1638 3767 1843 3826 verbis
1887 3767 2058 3827 idem
2102 3768 2238 3828 fere
2282 3776 2479 3827 testa-

225 3875 316 3929 tus
359 3873 455 3926 est·
491 3864 737 3936 Pollux,
798 3869 859 3923 et
902 3863 1126 3936 docuit
1164 3885 1265 3929 me
1311 3868 1405 3930 vir
1449 3866 1745 3934 naturalis
1800 3867 2097 3941 historiae
2143 3866 2478 3926 admodum

221 3968 484 4048 peritus,
549 3984 798 4032 revera.
828 3983 1186 4030 Sacrumos
1245 3970 1393 4031 satis
1428 3970 1607 4031 „bene
1660 3988 1949 4050 magnum
2006 3970 2217 4030 vocari
2270 3989 2477 4051 posse.

220 4073 326 4131 His
381 4068 701 4148 disputatis
756 4069 899 4128 satis
954 4067 1198 4129 videtur
1255 4081 1498 4132 cautum
1556 4092 1722 4144 esse,
1793 4090 1871 4129 ne
1931 4072 2067 4150 quis
2123 4072 2288 4149 apud
2342 4073 2479 4131 Ae-

221 4174 499 4255 schylum
543 4195 659 4254 pro
711 4175 814 4240 καὶ
857 4166 1126 4256 μακροῖν
1169 4166 1389 4256 ὀσφῦν
1439 4177 1834 4239 scribendum
1881 4198 2019 4238 esse
2064 4170 2221 4262 2621(
2267 4173 2480 4259 ἄκραν

221 4269 437 4354 ὀσφῦν
491 4276 553 4336 in
612 4277 878 4338 animum
938 4276 1055 4336 sibi
1116 4275 1381 4339 inducat.
1485 4281 1620 4340 Non
1681 4301 1844 4363 nego
1910 4279 2231 4358 equidem,
2294 4279 2478 4339 sorbii
