3022 4934
1436 329 1845 388 —36—

521 515 701 574 posse
751 497 813 556 in
866 495 1131 556 animum
1181 495 1298 556 sibi
1349 493 1685 556 induxerit!
1780 491 1993 554 Paullo
2038 492 2329 554 curiosius
2381 492 2444 551 in
2488 493 2727 555 illarum

518 596 816 657 rationem
875 595 1075 657 avium
1131 595 1529 676 investigasse
1587 591 1888 657 Genellius
1945 592 2212 668 videtur,
2278 593 2331 656 si
2388 613 2465 655 ex
2519 594 2727 672 paucis

514 698 658 771 illis,
704 718 859 776 quae
891 698 1131 757 duobus
1172 699 1323 757 locis
1359 698 1488 756 noti
1530 697 1689 757 illius
1739 696 1816 755 de
1857 695 2100 756 theatro
2133 693 2488 756 Atheniensi
2524 694 2725 776 operis

513 798 632 856 hac
684 800 760 857 de
812 817 881 857 re
933 800 1150 860 leviter
1200 801 1477 879 projecta
1519 800 1902 879 reperiuntur
1954 805 2014 855 et
2053 797 2116 854 in
2157 804 2503 860 transcursu
2548 816 2724 857 com-

515 905 882 972 memorata,
931 899 1275 960 universam
1315 898 1504 978 ipsius
1547 907 1812 961 mentem
1851 903 2017 959 recte
2056 895 2409 956 divinamus,
2496 896 2725 958 Genel-

515 995 629 1057 lius
675 997 835 1058 enim
880 1019 1064 1077 quum
1106 1020 1227 1060 uno
1270 1000 1409 1061 loco
1454 999 1678 1081 gallum
1721 998 2142 1081 gallinaceum,
2189 1017 2310 1077 quo
2356 995 2433 1057 de
2474 996 2579 1056 Vs·
2604 995 2724 1056 275

513 1117 716 1158 sermo
763 1108 882 1174 est,
933 1101 1223 1180 imprimis
1268 1102 1426 1163 inter
1468 1122 1643 1177 aves,
1690 1121 1845 1182 quae
1886 1103 1991 1161 Vs·
2016 1100 2139 1161 448
2182 1096 2443 1162 ὁπλῖται
2485 1114 2726 1155 nuncu-

513 1209 763 1276 pentur,
807 1202 1250 1263 recensendum
1294 1222 1430 1264 esse
1473 1204 1801 1276 existimet,
1845 1202 2039 1264 videri
2065 1207 2269 1281 potest
2302 1201 2387 1261 ita
2418 1198 2729 1269 statuisse:

509 1297 800 1374 primum,
861 1319 1005 1361 aves
1057 1320 1095 1360 a
1144 1303 1445 1381 principio
1502 1303 1830 1361 exercitum
1876 1302 2112 1361 referre
2157 1309 2217 1361 et
2258 1308 2543 1380 quattuor
2593 1298 2726 1358 illas

510 1415 651 1460 aves
696 1416 832 1459 esse
878 1401 1077 1480 gravis
1120 1411 1463 1478 armaturae
1507 1402 1753 1475 militeS,
1795 1399 2006 1480 viginti
2050 1407 2338 1479 quattuor
2377 1418 2529 1462 vero
2574 1417 2724 1460 aves

508 1505 727 1578 postea
783 1511 1233 1582 comparenteS,
1308 1524 1342 1565 e
1401 1504 1617 1585 quibus
1676 1502 1899 1562 chorus
1959 1506 2225 1575 constat,
2298 1500 2519 1560 milites
2573 1498 2723 1559 levis

511 1611 854 1663 armaturae
894 1641 978 1651 —
1011 1606 1126 1665 nisi
1165 1607 1327 1666 forte
1371 1608 1648 1686 opinatus
1694 1612 1813 1678 est,
1856 1603 1969 1663 has
2013 1620 2155 1663 aves
2199 1621 2266 1662 se
2310 1602 2557 1662 omnino
2601 1620 2724 1661 non

510 1705 839 1764 accinxisse
873 1704 953 1763 ad
975 1724 1242 1786 pugnam
1273 1708 1603 1787 gerendam
1631 1725 1742 1781 —;
1785 1704 2036 1776 deinde,
2079 1704 2211 1764 illas
2246 1711 2533 1784 quattuor
2561 1721 2724 1776 aveS,

510 1823 691 1881 quum
751 1821 955 1884 pugna
1020 1825 1145 1868 non
1208 1808 1402 1868 visum
1462 1813 1624 1867 esset
1686 1825 1874 1884 opuS,
1956 1804 2271 1865 discedere
2328 1807 2531 1885 jussas
2592 1815 2724 1864 ess'e

508 1909 610 1966 vs.
636 1907 777 1968 449.
874 1908 1154 1968 Eundem
1198 1907 1565 1981 Genellium,
1626 1930 1811 1988 quum
1862 1909 2057 1968 altero
2109 1908 2249 1968 loco
2292 1927 2406 1966 nos
2451 1906 2725 1978 edoceat,

510 2009 711 2088 gravis
756 2017 1101 2069 armaturae
1143 2026 1287 2068 aves
1328 2009 1714 2069 descendisse
1751 2010 1829 2069 de
1871 2028 2051 2089 rupe,
2097 2026 2253 2089 quae
2294 2009 2358 2067 in
2398 2007 2723 2086 proscenio

508 2110 721 2184 fuerit,
763 2110 1086 2189 probabile
1132 2116 1224 2167 est
1267 2108 1602 2182 censuisse,
1657 2116 1942 2188 quattuor
1981 2110 2114 2169 illas
2159 2127 2303 2168 aves
2349 2107 2723 2167 orchestram

508 2213 756 2271 omnino
800 2230 924 2273 non
968 2230 1104 2271 esse
1143 2211 1467 2290 ingressas.
1552 2209 1685 2269 Hae
1721 2209 2057 2271 sententiae
2096 2217 2222 2269 tam
2255 2216 2395 2268 sunt
2427 2206 2723 2279 infirmae,

509 2321 573 2372 ut
619 2315 755 2392 plus
808 2314 1016 2394 viginti
1068 2312 1405 2373 rationibus
1455 2312 1796 2391 impugnari
1848 2312 2084 2391 possint
2130 2319 2191 2370 et
2231 2309 2441 2369 everti.
2536 2309 2721 2380 Quas,

506 2419 571 2473 ut
629 2413 877 2474 chartae
933 2431 1286 2493 parcamus,
1358 2432 1482 2474 non
1534 2413 1878 2474 afferemus,
1991 2412 2114 2473 Sed
2157 2429 2282 2472 non
2328 2410 2444 2471 erit
2492 2408 2721 2482 inutile,

501 2514 771 2574 breviter
825 2515 1093 2596 attigisse
1143 2515 1314 2574 illum
1362 2514 1595 2588 locum,
1661 2533 1738 2574 ex
1788 2533 1911 2592 quo
1967 2532 2176 2574 omnes
2227 2512 2382 2572 istae
2437 2508 2720 2580 hariola-

504 2616 697 2676 tiones
730 2616 1025 2698 originem
1056 2615 1309 2678 traxisse
1339 2614 1637 2677 videntur.
1699 2617 2009 2697 Leguntur
2036 2613 2144 2676 Vs.
2162 2614 2285 2675 448
2303 2632 2437 2692 sqq.
2464 2611 2719 2672 haecce:

744 2712 1046 2784 Ἀκούετε
1097 2713 1248 2801 λεῴ·
1306 2710 1464 2789 τούς
1508 2712 1784 2791 ὁπλίτας
1830 2719 2105 2801 νυνμενὶ

754 2814 1198 2899 ἀνελομένους
1244 2810 1460 2881 θῶπλ’
1511 2807 1782 2882 α’πιέναι
1831 2813 2040 2883 πάλιν
2098 2816 2348 2892 οἴκαδε,

746 2931 1018 2984 σκοπεῖν
1057 2910 1120 2982 δ’
1159 2913 1196 2982 ὅ
1240 2941 1306 2981 τι
1351 2911 1440 2981 ἄν
1480 2914 1963 3000 προγράφωμεν
2006 2923 2076 2985 ἐν
2119 2929 2251 2989 τοῖς
2302 2916 2658 2990 πινακίοις.

499 3020 668 3079 Haec
730 3021 910 3098 igitur
971 3020 1160 3080 verba
1179 3065 1195 3092 ,
1279 3020 1497 3097 quibus
1563 3020 1762 3099 gravis
1828 3026 2173 3080 armaturae
2237 3019 2455 3081 milites
2515 3016 2719 3077 redire

500 3117 751 3178 domum
798 3119 1118 3198 jubentur,
1174 3104 1406 3180 certum
1448 3120 1684 3190 habeo,
1742 3139 1867 3180 non
1910 3139 1948 3180 a
1986 3137 2293 3199 praecone
2336 3120 2566 3191 avium,
2625 3117 2717 3178 cui

501 3219 681 3299 vulgo
734 3218 1078 3280 tribuuntur
1132 3240 1210 3280 ex
1259 3218 1385 3279 fide
1437 3219 1643 3292 unius,
1709 3227 1775 3280 ut
1826 3218 2095 3293 videtur,
2155 3219 2379 3280 codicis
2424 3219 2717 3292 Vaticani,

496 3320 909 3399 pronuntiari,
951 3322 1064 3381 sed
1102 3340 1140 3381 a
1171 3321 1581 3396 Pisthetaero,
1626 3337 1827 3402 neque
1871 3321 1951 3382 ad
1988 3322 2243 3383 chorum
2285 3320 2487 3381 avium
2522 3319 2717 3399 dirigi,

497 3430 562 3483 ut
614 3423 799 3502 vulgo
854 3429 1154 3498 statuunt,
1214 3423 1329 3494 sed
1381 3422 1461 3484 ad
1514 3424 1714 3485 solum
1764 3424 2141 3505 Euelpidem.
2239 3422 2501 3484 Primum
2558 3421 2717 3481 enim

495 3523 653 3585 ordo
710 3522 949 3583 dicendi
997 3524 1128 3605 jam
1185 3533 1277 3584 est
1328 3525 1495 3603 apud
1535 3525 2007 3602 Pisthetaerum;
2067 3525 2289 3586 deinde
2332 3541 2522 3584 nexus
2566 3540 2715 3580 sen-

497 3628 818 3687 tentiarum
860 3634 1186 3702 monstrat,
1230 3628 1395 3688 hunc
1431 3628 1649 3688 similia
1683 3628 1889 3688 dicere
1925 3628 2155 3687 debere
2198 3634 2380 3705 atque
2421 3623 2544 3682 hoc
2576 3622 2713 3683 loco

492 3726 718 3806 scripta
759 3727 1072 3806 leguntur3
1121 3746 1312 3806 porro
1356 3734 1612 3807 propter
1652 3727 2016 3788 vocabulum
2060 3723 2540 3810 προγράφωμεν
2581 3723 2717 3786 fieri

491 3845 615 3886 non
679 3834 917 3906 potest,
990 3834 1055 3886 ut
1110 3827 1270 3888 haec
1329 3829 1521 3889 verba
1577 3826 1868 3908 praeconi
1927 3827 2300 3901 tribuantur,
2376 3826 2488 3888 sed
2548 3827 2714 3888 ducis

489 3931 674 4010 ipsius
737 3930 1063 3990 credantur
1120 3950 1256 3991 esse
1316 3939 1593 4010 oportet,
1669 3930 1886 3991 ducem
1945 3937 2145 3991 autem
2207 3930 2537 4002 exercitus,
2612 3928 2714 4007 qui

489 4027 634 4091 sane
669 4031 912 4110 quidem
954 4039 1204 4115 praeter
1235 4032 1434 4112 ipsum
1467 4052 1589 4093 uno
1625 4039 1857 4094 tantum
1891 4032 2210 4093 constabat
2241 4030 2457 4102 milite,
2501 4037 2712 4108 aperte

489 4131 896 4218 Pisthetaerus
951 4134 1100 4214 egit,
1163 4142 1228 4195 ut
1272 4154 1348 4194 ex
1389 4134 1491 4208 iis,
1553 4152 1711 4213 quae
1752 4133 2151 4214 praecedunt,
2213 4129 2442 4211 oppido
2493 4130 2711 4208 liquet;

488 4232 723 4292 accedit
764 4237 842 4295 ad
884 4235 1072 4309 haec,
1135 4237 1301 4313 quod
1342 4237 1549 4316 paullo
1595 4245 1765 4310 ante,
1827 4236 1931 4295 Vs·
1963 4234 2116 4307 435,
2175 4233 2309 4313 ipsa
2350 4234 2707 4315 Pisthetaeri

485 4340 545 4393 et
609 4333 916 4413 Euelpidis
975 4339 1322 4403 πανοπλία
1384 4346 1928 4410 commemoratur,
2006 4356 2162 4416 quae
2228 4356 2349 4415 quo
2408 4337 2548 4418 jure
2609 4335 2705 4397 his
