3022 4934
1433 274 1903 334 —122—

525 456 629 509 ea,
675 451 838 515 quae
880 437 1136 500 tradidit
1177 439 1486 503 Vitruvius
1530 441 1600 515 11,
1644 440 1683 502 3
1742 440 1842 502 his
1886 438 2121 503 verbist
2192 435 2474 501 »duobus
2516 436 2779 501 laterum

518 537 849 617 generibus
894 539 1279 601 Graecorum
1324 540 1613 602 aedificia
1656 542 2089 617 struebantur,
2134 558 2215 601 ex
2256 539 2352 600 bis
2397 557 2584 600 unum
2612 556 2780 617 peu-

518 635 824 713 tadoron,
889 638 1152 701 alterum
1200 640 1583 702 ¹tetradoron
1645 639 1890 703 dicitur.
1987 641 2222 702 Doron
2286 644 2520 703 autem}
2561 637 2785 704 Graeci

516 734 812 817 palmum.
895 737 990 800 Ita
1033 740 1204 818 quod
1247 749 1342 803 est
1367 758 1855 822 *quoquoversus
1901 739 2177 819 quinque.
2220 737 2574 819 palmorum
2601 755 2793 823 ,pen-5

518 836 828 911 tadoron‚
894 840 1066 917 quod
1124 849 1419 922 quattuor
1494 844 1867 905 tetradoron
1925 840 2201 902 dieitur.'
2274 841 2381 905 Et·
2413 858 2575 920 quae
2630 843 2788 905 sunt.

515 937 771 1016 publica
813 958 1041 1017 opera,
1094 945 1479 1022 pentador0‚
1525 962 1687 1024 quae
1733 944 1994 1024 privata,
2038 942 2360 1010 tetradoro
2403 945 2779 1023 struuntuta·

518 1039 924 1100 Statuendum
985 1049 1084 1103 est
1148 1050 1394 1120 autem,
1459 1051 1700 1116 anates.
1737 1061 1866 1104 non
1924 1041 2157 1107 solum.
2187 1049 2481 1125 portasse.
2519 1039 2780 1110 latentes,
2843 1114 2867 1130 Ι

516 1159 735 1202 verum
779 1142 965 1204 etiam
1008 1143 1405 1207 collocasse,
1461 1146 1835 1208 Hirundines
1876 1145 2045 1213 ,enim
2070 1193 2076 1198 .
2098 1142 2256 1204 nihil
2296 1148 2501 1223 agunt
2541 1138 2671 1230 nisi
2709 1143 2785 1208 ut.

513 1238 752 1298 lateres
790 1241 1399 1316 coagmententlu'to
1440 1243 1506 1303 in
1535 1242 2001 1310 rostriaallato.
2086 1232 2226 1306 Καὶ
2262 1241 2525 1306 ποιοῦσι
2556 1238 2780 1308 τοῦτο,

514 1343 686 1397 recte
731 1336 820 1395 ait
858 1336 1232 1405 scholiastes
1255 1384 1272 1413 ,
1318 1335 1484 1403 ὅταν
1524 1333 1648 1412 τοὶς
1686 1332 1994 1411 monacale,
2032 1336 2616 1416 κατωσκὲυάζωσιν.
2691 1337 2780 1403 Et

518 1438 600 1497 ad
650 1436 823 1496 illam
886 1454 1018 1496 rem
1081 1439 1419 1517 agendam,
1488 1457 1677 1519 quum
1740 1437 1989 1516 saepius
2050 1437 2369 1511 volarent,
2434 1434 2781 1517 sufficiebat

519 1543 754 1603 tantum
797 1536 947 1610 luti,
1006 1544 1302 1616 quantum
1343 1540 1406 1601 in
1462 1538 1681 1602 rostris
1725 1538 1964 1618 portari
2005 1542 2254 1619 poterat
2296 1535 2377 1597 ab
2418 1533 2778 1609 hirundini—

516 1637 657 1698 bus·
743 1636 974 1698 Contra
1015 1637 1249 1712 lutum,
1303 1637 1475 1717 quod
1529 1640 1636 1716 Vs·
1673 1638 1840 1700 1142
1901 1647 2214 1719 portatum
2259 1636 2506 1711 dicitur,
2567 1634 2778 1695 inser-

514 1739 730 1799 viebat
771 1740 853 1798 ad
896 1738 1123 1798 lateres
1168 1738 1512 1800 faciende&
1597 1740 1695 1819 Ad
1748 1741 1877 1802 hoc
1918 1742 2158 1821 majore
2221 1738 2406 1818 copia
2446 1736 2559 1796 luti
2586 1802 2588 1805 ¹
2619 1753 2777 1814 opus

519 1844 652 1897 erat
695 1837 950 1897 ciconiis
975 1883 991 1912 ,
1062 1857 1212 1919 ergo
1265 1838 1461 1898 lutum
1505 1856 1634 1900 non
1675 1841 1742 1899 in
1781 1840 2000 1904 rostris
2044 1840 2334 1922 affer-tur,
2395 1836 2513 1897 sed·
2549 1835 2625 1894 iu,
2655 1851 2778 1904 va-
2872 1881 2874 1883 v

424 1952 428 1954 ·
517 1938 689 1999 sibus
750 1936 934 2012 latis,
1003 1939 1085 2000 de
1149 1940 1371 2018 quibus
1438 1942 1548 2003 cfr.
1628 1960 1788 2021 quae
1868 1940 2184 2022 congessit
2239 1935 2529 1999 Panofka
2609 1935 2784 2003 »Re—

519 2035 858 2096 cherches»
932 2045 1045 2099 cet.
1089 2057 1152 2117 p.
1174 2037 1275 2113 22,
1342 2047 1406 2103 et
1468 2058 1508 2102 a
1567 2042 1905 2122 majoribus
1951 2040 2165 2104 avibus
2226 2037 2440 2117 quales
2483 2042 2625 2098 sunt
2666 2052 2775 2096 ar-

522 2134 698 2196 deae.
741 2170 824 2181 —
2031 2164 2038 2167 ·
2752 2139 2768 2151 “

1564 2398 1727 2479 ΧΙ.
1810 2406 1812 2408 ’

520 2573 837 2642 Explicatur
870 2571 1058 2631 locun,
1119 2573 1215 2639 qui
1263 2580 1347 2625 est
1390 2575 1485 2627 Vs.
1519 2574 1664 2645 ‘1249
1698 2594 1816 2646 sqq.
1911 2573 2200 2626 Probabile
2246 2569 2526 2633 redditur,
2574 2571 2775 2622 Aristo·

658 2661 885 2729 phanem
923 2659 1136 2711 novisse
1175 2660 1433 2729 Gigantes
1468 2664 1641 2717 alatos·
1679 2670 1734 2715 et
1783 2663 2072 2733 pardorum
2120 2660 2359 2729 pellibus
2392 2655 2633 2711 indutos.

684 2837 790 2896 Vs.
827 2835 992 2895 1246
1033 2855 1169 2916 sqq.
1252 2840 1670 2903 Pisthetaerus
1714 2841 1862 2900 dicit
1919 2838 2099 2898 Iridi:

678 2937 817 3026 Ἀρ·
860 2939 1039 3011 οἶσθ’
1075 2943 1180 3012 ὅτι
1222 2941 1404 3020 Ζεύς
1445 2952 1519 3014 ⁶2⁴
1546 2975 1636 3033 με
1673 2946 1948 3034 λυπήσει
1996 2946 2220 3028 πέρα,-

685 3044 999 3125 μὲλαθρα
1026 3048 1171 3124 ’μὲν
1216 3042 1433 3113 αὐτοῦ
1481 3047 1595 3116 καὶ
1628 3046 1874 3132 δόμους
1926 3042 2305 3130 Ἀμφίονος

687 3135 1155 3205 καταιθαλώσω
1195 3139 1633 3225 πυρφόροισιν
1673 3142 1915 3220 ἀετοῖς,

683 3241 934 3323 πέμψω
976 3241 1047 3306 δὲ
1088 3241 1552 3321 πορφυρίωνας
1587 3248 1660 3317 ἐς
1701 3241 1824 3311 τόν
1865 3236 2153 3324 οὐρανὸν

687 3335 870 3421 ὅρνις
914 3335 1015 3405 ἐπ’
1058 3332 1291 3416 αὐτὸν,
1350 3344 1704 3426 παρδαλᾶς
1740 3342 2188 3426 ἐνημμένους,

686 3440 880 3504 πλεῖν
922 3439 1297 3513 ἑξακοσίους
1338 3437 1462 3505 τὸν
1503 3437 1832 3526 ἀριθμόν·
1881 3443 1986 3506 καὶ
2029 3436 2111 3525 δή
2153 3461 2319 3503 ποτε

689 3534 785 3609 εἷς
830 3536 1229 3619 Πορφυρίων
1266 3531 1450 3625 αὐτῷ
1491 3544 1768 3629 παρέσχε
1831 3538 2213 3628 πράγματα.

521 3636 644 3708 Qui
683 3638 788 3697 Vs.
823 3636 988 3698 1249
1014 3657 1156 3717 sqq.
1223 3648 1510 3701 accurate
1574 3644 1910 3723 perlegerit
1949 3659 2190 3704 memor
2248 3658 2395 3716 usus
2453 3637 2775 3716 loquendi,

518 3735 599 3795 de
643 3753 769 3814 quo
815 3736 966 3798 dixit
1006 3738 1373 3820 Bernhardy
1425 3742 1606 3821 Synt.-
1655 3761 1717 3820 p.
1746 3743 1868 3805 192
1929 3742 2118 3803 etiam
2159 3734 2512 3819 hujusloci
2540 3734 2776 3799 ,habita

515 3834 795 3911 ratione,
859 3836 915 3896 is
958 3855 1086 3898 non
1143 3838 1260 3900 ibit
1323 3840 1582 3917 infitias,
1651 3843 1844 3904 verba
1896 3840 2355 3926 πορφυρίωνας
2414 3829 2595 3917 ὅρνις
2634 3854 2774 3900 ΒΘΗ

518 3955 656 3997 esse
699 3937 787 3997 ita
831 3938 1121 4017 opposita
1164 3943 1365 4004 verbis
1411 3942 1505 4018 εἷς
1546 3944 1986 4027 Πορφυρίων,
2053 3949 2121 4003 ut
2169 3939 2318 4000 illae
2378 3955 2522 4003 aves
2566 3936 2772 4003 alatae

515 4036 887 4118 cogitandae
929 4038 1079 4115 sint,
1134 4040 1239 4103 hic
1300 4043 1472 4126 gigas
1533 4063 1750 4107 carere
1791 4044 1930 4106 alis,
2036 4039 2247 4106 Potius
2291 4037 2519 4123 verba,
2583 4055 2773 4117 quum

513 4137 599 4197 ita
642 4137 808 4199 dicta
847 4137 1003 4214 sint,
1063 4147 1131 4203 ut
1173 4144 1622 4227 πορφυρίωνες
1666 4153 1728 4208 et
1783 4142 2182 4228 Πορφυρίων
2234 4158 2360 4201 uno
2408 4138 2770 4217 eodemque

517 4232 660 4295 loco
700 4237 1082 4316 habeantur,
1127 4241 1246 4304 nisi
1290 4244 1464 4323 quod
1504 4245 1598 4306 illi
1640 4244 1916 4307 sexcenti
1959 4257 2218 4304 numero
2264 4256 2768 4303 commemoran-
