3022 4934
1155 302 1575 361 —13-

236 467 834 550 refert-quidquam,
881 467 1050 547 qnod
1091 460 1260 529 Mlas
1300 478 1454 530 sane
1482 476 1970 553 cumpluribus,
2017 477 2283 557 Typhon
2315 480 2484 541 solus

236 570 349 630 diis
405 564 643 630 restitit.
728 568 922 628 ‘Atlas'
967 562 1157 643 enim,
1215 561 1441 647 quem*
1456 565 1687 649 primus
1731 576 2220 658 mythographus
2262 579 2483 642 latinus

235 663 514 732 fah2‘18'3
570 671 927 748 simpliciter
981 673 1289 757 Titanum·
1323 671 1543 731 ducem
1604 668 1918 753 appellat,
1943 682 1948 686 ’
1975 687 2143 737 certe
2199 679 2485 738 Titanum

236 775 359 831 dux
395 773 526 832 fuit
579 773 641 830 in
696 773 820 831 illa
854 784 1088 853 pugna,
1123 773 1204 832 is
1263 780 1341 832 ut
1381 774 1543 833 hene
1598 775 1718 836 dici
1770 783 1984 854 posset
2040 778 2243 841 πᾶσιν
2296 785 2487 850 θεοῖς

237 865 646 953 ἀντιστῆναι.
730 873 947 933 Elucet
987 874 1238 946 saltem,
1278 875 1614 963 Aeschylo,
1658 875 1745 935 illi
1787 876 1879 935 rei
1923 876 1972 934 si
2019 876 2167 953 quid
2209 877 2482 967 tribuere

235 968 540 1042 voluerit,
609 952 1000 1031 scribendum
1040 972 1275 1033 fuisse
1312 973 1528 1033 aliter
1551 979 1736 1051 atque
1798 974 1859 1033 in
1918 974 2088 1035 libris
2152 963 2330 1034 mscr.
2392 984 2484 1034 est

235 1070 542 1149 scriptum.
650 1070 822 1132 Haec
879 1073 930 1132 si
990 1081 1158 1132 recte
1220 1093 1256 1133 a
1317 1093 1415 1132 ιιιε
1477 1081 1617 1133 sunt
1677 1073 2011 1153 disputata,
2084 1076 2260 1147 illae,
2332 1093 2484 1153 quas

235 1189 422 1248 supra
464 1171 834 1251 significavi,
900 1174 1363 1235 emendationes
1407 1176 1592 1254 inque
1639 1193 1852 1235 earum
1903 1195 2162 1236 numero
2208 1178 2483 1237 nonnul-

234 1269 367 1342 lae,
453 1288 612 1348 quae
678 1290 829 1331 sane
894 1290 1077 1350 quam
1142 1275 1464 1352 speciosae
1530 1282 1702 1348 sunt,
1785 1275 2152 1355 abjiciantur
2213 1286 2479 1355 oportet.

234 1370 604 1445 Restabant,
666 1382 731 1433 ut
772 1375 1001 1435 Butleri
1054 1375 1365 1436 inventum
1403 1374 1533 1457 jam
1586 1380 1852 1448 mittam,
1915 1379 2278 1438 Schneideri
2321 1401 2481 1438 con-

227 1473 541 1550 jecturae:
615 1477 750 1544 πᾶς
802 1473 874 1543 ὃς
930 1476 1022 1556 (h.
1063 1473 1473 1554 ε..πάν·ιως,
1549 1478 1948 1558 «aus-,allen
1988 1477 2323 1557 Krasten»)
2389 1487 2482 1537 et:

235 1568 464 1636 στάσιν
506 1570 582 1645 ὃς
626 1569 909 1656 ἀντέστη
947 1583 1165 1648 θεοῖς,
1209 1595 1366 1653 quae
1412 1577 1525 1636 nisi
1572 1595 1608 1635 a
1643 1567 1932 1637 facilitate
1971 1579 2322 1638 mutationis
2358 1597 2483 1637 non

235 1675 758 1736 commendantur.
847 1677 971 1736 Sed
1013 1677 1269 1751 dubium>
1311 1679 1447 1737 esse
1493 1678 1734 1755 nequit,
1751 1680 1932 1795 quin
1969 1680 2306 1739 mutatione
2346 1678 2481 1737 sal-

235 1782 357 1833 tem
410 1792 610 1866 aeque
666 1775 829 1835 facili
884 1775 1350 1835 rescribendum
1403 1778 1521 1836 sit:
1588 1771 1852 1842 πάλιν
1897 1775 1972 1864 ὃς
2017 1776 2093 1840 α.’
2125 1786 2214 1839 {h
2306 1781 2479 1838 Hanc

231 1876 429 1952 ipsam
480 1877 842 1953 scripturam
893 1894 1045 1955 prae
1089 1872 1291 1933 oculis
1336 1866 1631 1933 habuisse
1671 1875 1872 1954 videri
1909 1881 2120 1954 'potest
2161 1886 2336 1939 'vetus
2378 1881 2480 1940 ille
2520 1919 2523 1922 -

233 1976 630 2046 scholiasteS,
716 1974 885 2053 cujus
954 1971 1150 2032 verba
1209 1965 1332 2031 huc
1386 1973 1764 2051 pertinentia
1824 1992 2011 2053 supra
2047 1977 2482 2038 exscribenda

235 2075 472 2147 curavi,
532 2073 721 2134 modo
779 2081 1106 2146 statuatur,
1169 2093 1309 2132 eum
1367 2073 1675 2133 diversum
1732 2073 1920 2133 fuisse
1980 2075 2075 2133 ab
2114 2075 2268 2150 illo,
2311 2081 2481 2159 cujus

119 2222 122 2224 Δ
231 2178 426 2237 verba
484 2178 561 2236 ab
622 2175 821 2255 φησιν
877 2198 1002 2237 ουν
1058 2169 1091 2237 ὖ
1144 2166 1474 2250 'flammis
1516 2174 1868 2259 incipientia
1925 2176 2006 2233 ad
2047 2177 2152 2236 Vs.
2189 2178 2314 2236 353
2369 2180 2480 2251 ad·

232 2277 460 2357 scripta
502 2276 817 2354 leguntur3
861 2273 925 2333 id
963 2273 1132 2352 quod
1166 2282 1367 2333 utrum
1398 2273 1614 2334 verum
1659 2276 1736 2334 sit
1781 2292 1859 2334 an
1907 2279 2133 2350 minus,
2169 2277 2234 2336 in
2255 2279 2479 2340 rmedio

233 2380 349 2439 erit
390 2375 875 2455 relinquendum.
959 2375 1069 2434 Illa
1113 2382 1318 2434 autem
1361 2376 1662 2461 scriptura
1704 2376 1756 2434 si
1797 2383 2050 2454 accepta
2083 2376 2271 2438 fuerit
2302 2378 2480 2437 simul

233 2479 418 2539 etiam
476 2475 852 2556 significasse
912 2475 1228 2535 Oceanum
1289 2475 1643 2555 apparebit,
1721 2476 2026 2535 Atlantem
2085 2485 2210 2535 tam
2267 2478 2478 2556 gravia

232 2579 359 2656 pati
417 2596 552 2636 eam
613 2578 691 2635 ab
750 2576 1061 2647 caussam,
1142 2575 1310 2653 quod
1341 2575 1485 2634 'diis
1547 2593 1640 2634 se*
1679 2593 2000 2654 opponere
2058 2594 2243 2634 ausus
2296 2586 2479 2647 esset,

232 2678 402 2759 quod
445 2697 570 2737 non
619 2679 803 2757 plane
847 2676 1108 2736 reticere
1155 2694 1189 2735 e
1234 2694 1303 2735 re
1349 2675 1591 2737 Oceani·
1630 2682 1796 2751 erat3
1862 2693 2066 2754 neque
2110 2674 2291 2736 ‘aliud
2335 2676 2479 2754 quid

230 2779 457 2839 dixisse
491 2793 679 2855 quam
710 2774 865 2835 hoc:
916 2770 1300 2856 Typhonem-2
1334 2793 1572 2835 rursus
1607 2794 1679 2835 sc
1723 2774 2095 2856 opposuisse
2132 2772 2288 2848 diis,
2330 2774 2395 2835 h.
2426 2795 2492 2845 ε.

231 2880 494 2939 deorum
548 2877 882 2954 imperio,··
909 2876 994 2934 ita
1051 2883 1118 2934 ut
1174 2895 1302 2934 non
1344 2873 1882 2953 -adsignificetur‚'
1917 2874 2281 2952 Typhonem
2328 2893 2476 2932 cum

230 2980 515 3057 pluribus
551 2978 678 3035 diis·
709 2976 1059 3034 decertasse
1102 2987 1339 3052 pugna,
1382 2972 1496 3030 sed
1526 2971 1607 3033 de
1645 2989 1770 3028 uno
1803 2971 1943 3029 solo
1975 2973 2159 3042 Jove,
2201 2972 2479 3049 principe

232 3086 300 3136 et.
336 3073 511 3152 quasi
552 3071 781 3132 vicario
818 3070 1118 3140 deorum,
1174 3067 1492 3147 Typhonis
1536 3067 1600 3130 in
1641 3085 1851 3147 pugna
1894 3067 2255 3139 adversario
2299 3070 2479 3148 cogi—

229 3184 361 3234 tare
406 3173 617 3232 liceat.
714 3168 1068 3248 Imperabat
1123 3175 1330 3227 autem
1386 3186 1421 3226 e
1477 3167 1592 3235 diis
1619 3168 1800 3234 τιμε.
1845 3168 2020 3227 novis
2064 3168 2181 3228 diis
2225 3170 2478 3247 proprie

230 3275 397 3334 solus
440 3273 745 3350 Iuppiter,
808 3269 1052 3348 quade
1109 3288 1178 3328 re
1234 3276 1426 3347 poeta
1480 3265 1655 3341 mox,
1719 3268 1825 3327 uhi
1869 3268 1948 3338 de
2006 3288 2180 3337 more
2223 3288 2479 3342 suo-ea,

231 3391 391 3452 quae
421 3381 603 3433 antea
632 3371 888 3442 dixerat,
915 3369 1264 3434 accuratius
1282 3370 1571 3450 explieat·
1594 3368 1674 3429 de
1700 3368 2003 3450 Typhone
2030 3371 2220 3430 verba
2249 3369 2478 3429 faciens

455 3477 519 3547 ἐξ
569 3465 927 3554 ὀμμάτων,
981 3470 1098 3544 ait,
1157 3464 1508 3553 φ’ᾗειιέριιινιτε.Δ
1544 3465 1892 3553 γοργωπὸν
1946 3471 2169 3545 σέλας,

454 3570 538 3643 ὥς
590 3565 715 3652 τὴν
768 3565 921 3641 Διὸς
976 3566 1321 3649 τυραννίδ’
1346 3571 1693 3649 ἐκπέρσων
1743 3570 1896 3650 βίᾳ,

230 3677 340 3736 sed
392 3674 591 3754 potuit
640 3679 827 3751 poeta
881 3690 994 3730 suo
1043 3657 1196 3751 jure⁴
1231 3657 1437 3732 dicere
1481 3680 1695 3745 θεοῖς,
1750 3669 2069 3748 quoniam,
2130 3688 2479 3749 quanquam

230 3778 396 3837 solus
445 3774 722 3853 ‚Iuppiter
776 3792 1079 3831 summum
1125 3781 1188 3831 et
1236 3772 1502 3832 liberum
1551 3771 1878 3848 imperium
1928 3771 2210 3843 tenebat,
2275 3779 2478 3827 tamen

231 3877 415 3937 etiam
469 3862 690 3953 reliqui
743 3872 825 3932 dii
867 3872 1043 3945 novi,
1104 3873 1241 3932 Jovi
1294 3873 1335 3930 ii
1390 3872 1663 3952 cognati,
1728 3872 1970 3957 imperii
2016 3866 2474 3948 quodammodo

234 3983 409 4036 erant
455 3973 810 4053 participes,
857 3972 966 4032 cfr.
1007 3970 1282 4037 Vs..228,
1306 3992 1446 4050 sqq.-
1486 3979 1549 4031 et
1584 3971 1708 4031 437
1744 3990 1836 4046 sq.

285 4112 288 4117 -
352 4074 693 4151 Denique
725 4091 854 4134 non
874 4089 1177 4151 possum
1189 4087 1315 4131 non
1343 4083 1642 4141 Qmoneie,
1686 4067 1911 4127 verba:

346 4186 350 4189 ’
397 4184 399 4188 ’
454 4185 769 4254 κορυφαῖς
807 4164 887 4252 δ’.
901 4175 994 4236 ἒν
1042 4164 1269 4252 ἄκραις
1309 4162 1561 4251 ἥμενος
1593 4165 2062 4248 μυδροκτυπεῖ

444 4268 750 4356 Ἠφαιστ
761 4296 863 4347 ος,
1918 4365 1954 4422 2
1989 4367 2007 4382 ,
