3022 4934
1314 287 1828 346 ·—16—-

492 468 729 547 jectura
773 480 810 518 a
852 456 1121 537 Reisigio
1166 450 1414 512 refietus
1451 461 1573 512 est.
1668 453 1801 531 Ego
1820 496 1836 523 ‚
1893 469 2080 530 quum
2110 448 2502 530 praesertim-
2526 448 2743 533 ¹plures

499 566 636 625 libri
687 581 868 621 mser.
911 561 974 618 in
1026 558 1221 633 iisque
1276 555 1555 614 nonnulli
1599 553 1869 615 melioris
1913 561 2100 614 notae
2146 549 2319 624 ὅςτις
2370 551 2748 635 praeberent

499 682 614 741 pro
658 658 745 734 ὥς
789 682 920 732 «ης,
953 659 1086 735 jam
1118 655 1224 716 diu
1261 662 1373 728 est,
1418 673 1496 714 ex
1531 673 1655 733 quo
1691 653 2258 716 scribendum-esse
2293 649 2746 717 intellexeram:

506 761 741 842 Πλανᾷ
785 752 980 825 κακὸς
1024 750 1084 819 δ”
1110 752 1359 835 ἰατρὸς,
1400 752 1580 824 ὅστις
1626 763 1769 825 etc„
1816 772 2000 831 quam
2042 749 2592 833 ipsamserihendi
2635 766 2749 811 ra·-

502 864 728 921 tionem
787 876 824 917 a
879 857 1264 917 Schneidero
1319 863 1631 936 repertam
1689 873 1827 913 esse
1870 863 2014 935 post
2057 851 2496 925 animadverti,
2560 850 2748 930 cujus,

496 963 548 1022 si
594 962 748 1022 tanti
793 968 915 1033 est,
972 960 1113 1019 vide
1160 958 1641 1019 adnotationem.
1674 991 1758 1001 —-

1508 1207 1743 1289 VIII.

498 1348 690 1413 Agitur
734 1348 799 1393 de
843 1347 1109 1410 scriptura
1159 1346 1303 1401 loci,
1351 1345 1445 1409 qui
1491 1352 1572 1393 est
1607 1345 1701 1393 Vs.
1730 1343 1833 1392 494
1867 1360 2025 1413 sqq„
2081 1345 2254 1409 deque
2291 1342 2344 1391 vi
2381 1357 2441 1391 ae
2483 1346 2749 1408 potestate

1088 1429 1471 1479 vocabulorum
1509 1425 1668 1488 σ’σφῦς
1706 1435 1759 1478 et
1793 1424 1923 1496 ἱερον
1964 1424 2163 1477 ὄστοῖνν.

724 1551 990 1666 Κνίσσῃ
1031 1574 1103 1614 τε
1147 1552 1319 1614 κῶλα
1365 1546 1825 1632 ουγκαλυπτα·
1878 1552 1984 1615 καὶ
2027 1547 2301 1632 μακράν
2683 1603 2710 1614 -

725 1644 940 1730 ὀσᾳυν
989 1643 1328 1733 πυρώσας,
1383 1649 1875 1731 δυςτὲκμαρτον
1917 1655 2042 1722 εις
2055 1653 2301 1736 ’τέχνην

654 1807 656 1811 ,
720 1747 942 1819 ὥδωσα
989 1742 1323 1830 θνητούς·
1387 1750 1503 1814 καὶ
1556 1746 1871 1831 φλογωπὰ
1922 1746 2188 1832 σήματα

642 1902 645 1905 .
722 1844 1203 1928 ἐξωμμάτωσα,
1261 1842 1564 1930 πρόσθεν
1607 1842 1745 1913 ὅντ’
1788 1844 2161 1932 ἐπαργεμα·

500 1975 616 2033 Hic
660 1975 833 2034 locus
878 1982 1317 2052 praeterquam
1363 1974 1530 2052 quod
1573 1994 1768 2055 prava
1818 1975 2289 2056 interpungendi
2339 1974 2578 2034 ratione
2626 1974 2751 2033 ob-

501 2082 778 2134 scuratus
841 2082 967 2145 est,
1030 2109 1111 2119 —-·
1160 2076 1427 2135 delenda
1495 2078 1656 2135 enim
1718 2076 1937 2154 procul
1993 2075 2212 2133 'dubio
2250 2064 2751 2152 inter-punctionis

501 2178 706 2255 signa,
770 2194 929 2252 quae
974 2184 1114 2235 sunt
1155 2184 1298 2253 post
1340 2171 1768 2257 ουγκαλυπτοὶ
1827 2184 1889 2234 et
1934 2182 2079 2253 post
2122 2168 2453 2252 θνητούς,
2485 2209 2572 2220 -
2628 2173 2752 2232 du-

499 2277 700 2335 bitare
762 2277 935 2348 licet,
1007 2277 1319 2337 habeatne
1385 2277 1569 2337 etiam
1624 2277 1974 2356 graviorem
2027 2276 2750 2353 maculam‘adspersam.

504 2376 707 2448 Quum
766 2376 927 2435 enim
985 2378 1249 2456 primum
1306 2379 1426 2458 legi
1483 2377 1677 2438 verba
1732 2377 2084 2450 Menandri,
2149 2395 2321 2455 quae
2363 2377 2759 2455 reperiuntur

501 2478 665 2556 apud
692 2478 1080 2537 Athenaeum
1115 2478 1213 2551 IV,
1237 2499 1319 2557 ·p.
1342 2480 1493 2551 146,
1525 2479 1595 2536 Ε.
1642 2485 1704 2536 et
1748 2477 1912 2556 apud
1956 2477 2335 2538 Clementem
2363 2477 2753 2537 Alexandri—

501 2599 676 2647 num,
736 2578 995 2650 Sti-om„
1063 2599 1123 2656 p.
1160 2579 1282 2638 716
1340 2579 1541 2660 Sylhz,
1607 2586 2075 2657 repraesentata
2127 2579 2231 2639 illa
2292 2588 2354 2640 et
2406 2586 2663 2639 tractata
2715 2597 2752 2638 a

502 2678 839 2751 Meinekio,
882 2679 1169 2738 Menand.
1216 2688 1276 2738 et
1317 2680 1472 2738 Phil.
1516 2680 1738 2758 Reliq.‚
1782 2681 1979 2758 p.5l‚
2032 2681 2271 2760 Fragm.
2318 2678 2494 2739 Com.·
2536 2679 2751 2740 Graec.

503 2779 642 2838 Vol.
675 2778 776 2849 IV,
832 2797 894 2853 p.
934 2777 1089 2838 108:
2465 2816 2468 2821 -

835 2912 919 2923 —
965 2883 1030 2940 οἱ
1071 2880 1141 2941 δὲ
1182 2871 1309 2957 τὴν
1355 2870 1572 2958 ὀσφῦν
1615 2874 1826 2961 ἄκραν

726 2980 833 3041 καὶ
883 2975 1009 3059 τὴν
1051 2973 1251 3064 χολήν
1294 2978 1459 3042 ὀστᾶ
1504 2974 1579 3043 τ’,
1608 2976 1876 3063 ἄβρωτα
1910 2979 2049 3042 ’τοῦ
2095 2985 2281 3050 θεοῖς

731 3076 1081 3144 ἐπιθέντες
1127 3073 1314 3137 αὐτοὶ
1356 3071 1568 3138 uma
1611 3076 2089 3149 καταπίνουσι,

502 3172 609 3231 ubi
639 3164 848 3254 ὀσφύς
876 3168 1042 3253 ἄκρα
1080 3180 1353 3246 vocatur,
1399 3174 1539 3246 vidi,
1571 3175 1730 3234 haec
1751 3177 2024 3233 cumillis
2061 3194 2197 3233 esse
2235 3177 2663 3252 componenda
2692 3187 2755 3237 et

501 3272 686 3332 scribi
720 3291 939 3351 posse:
984 3269 1079 3356 χὸἷ
1095 3268 1164 3350 μ’
1203 3273 1469 3355 ἄκραν
1508 3273 1564 3336 o’.
1629 3275 1829 3346 Quam
1865 3275 2061 3353 ipsam
2094 3275 2508 3354 conjecturam
2529 3275 2751 3337 Carolo

499 3373 773 3454 Reisigio
819 3393 944 3433 non
995 3374 1127 3434 sine
1175 3393 1399 3455 magno
1447 3375 1672 3455 gaudio
1727 3383 1872 3457 post
1922 3375 2196 3435 intellexi
2250 3393 2326 3434 ex
2371 3374 2594 3435 eodem
2646 3379 2749 3438 illo

501 3477 672 3536 fonte
718 3476 1044 3565 suhnatam
1090 3496 1245 3536 esse.
1331 3477 1511 3536 Addo
1558 3478 1819 3538 alterum
1862 3479 2096 3550 locum,
2144 3497 2267 3556 quo
2300 3478 2513 3538 itidem
2548 3470 2754 3557 ὀοᾳύς

503 3574 665 3655 ἄκρα
713 3586 1350 3652 commemoratur,‚a
1383 3579 1652 3660 Reisigio
1698 3601 1824 3641 non
1853 3581 2170 3654 allatum„
2199 3597 2572 3659 quamquam
2617 3600 2753 3639 cum

500 3676 640 3735 loco
673 3679 1003 3759 Aeschylio
1048 3700 1174 3740 non
1223 3689 1344 3739 tam
1382 3690 1548 3740 arcte
1587 3691 1680 3741 est
1712 3682 2178 3761 componendus
2214 3699 2398 3760 quam
2430 3680 2752 3738 Menandri

501 3777 625 3834 ille.
711 3779 1066 3838 Herodotus
1113 3781 1275 3838 enim
1320 3782 1397 3838 de
1431 3783 1748 3862 Aegyptiis
1793 3783 1951 3841 haec
1994 3783 2189 3840 resert
2229 3782 2302 3855 11,
2333 3782 2449 3841 40:
2492 3774 2755 3844 Ἐπευῖν

503 3875 1037 3957 προνηστεύσωοι
1086 3882 1171 3961 τῇ
1216 3877 1344 3942 ”Im
1392 3884 1499 3944 καὶ
1555 3882 2027 3957 κατεύξωνται,
2087 3881 2334 3948 θύουσι
2381 3874 2502 3944 ‘cdv
2542 3880 2748 3960 βοῦν·

502 4002 602 4039 και
662 3970 1137 4057 ἀποδείραντες
1194 3979 1449 4058 κοιλινν
1513 3982 1642 4056 μὲν
1706 3978 1929 4061 κεινήν
1988 3984 2217 4045 πᾶσαν
2280 3986 2345 4057 ἐξ
2395 3974 2489 4043 ὦν
2550 3977 2754 4056 εἶλον,

503 4070 844 4160 σπλάγχνα
888 4077 958 4140 δὲ
998 4075 1212 4144 αὐτοῦ
1254 4079 1551 4144 λειπουσι
1597 4084 1668 4143 ἐν
1703 4082 1789 4165 τῷ
1823 4078 2080 4163 σώματι
2123 4082 2229 4145 καὶ
2269 4105 2424 4163 την
2421 4076 2752 4162 πιμελήν,

503 4176 725 4238 σκέλεα
762 4175 832 4241 δὲ
868 4171 1337 4260 ἀποτάμνουσι
1381 4205 1483 4245 και
1526 4204 1649 4260 ‘crat
1688 4176 1903 4263 ὀσφῦν
1941 4176 2149 4262 ἄκρην
2183 4207 2293 4247 και
2319 4206 2511 4253 τους
2529 4176 2751 4262 ωμους

501 4301 571 4339 τε
619 4276 724 4340 καὶ
773 4275 886 4343 τὸν
930 4274 1277 4364 τράχηλον.
1379 4282 1609 4345 Ταῦτα
1660 4282 1730 4348 δὲ
1774 4277 2176 4362 ποιῆσαντες
2218 4283 2293 4348 «ιὸ
2343 4280 2505 4347 ἄλλο
2558 4280 2744 4362 σῶμα
