3022 4934
1426 312 1836 372 ...40-

517 485 739 568 φαγᾰς
795 480 1167 561 appellatur,
1232 498 1358 541 non
1412 481 1638 561 liquet;
1695 479 1808 540 sed
1867 480 2415 562 phoenicopterum
2464 482 2723 559 cristam,

520 604 648 644 non
709 582 944 644 babere
964 628 981 657 ,
1051 601 1128 643 ex
1186 581 1451 642 naturali
1508 580 1769 643 historia
1824 589 2082 645 constat.
2164 586 2296 645 Jam
2336 595 2515 658 vero,
2560 586 2724 663 quid,

523 703 781 746 caussae
842 703 978 744 esse
1039 683 1270 763 possit,
1343 701 1453 743 cur
1507 685 1660 744 duas
1715 679 1814 742 vel
1870 690 1995 744 tres
2053 684 2330 745 cristatas
2371 685 2728 765 produxerit

522 793 745 865 poeta,
789 785 943 845 duas
986 784 1087 846 vel
1128 802 1310 845 unam
1353 782 1539 843 crista
1582 789 1876 858 carentes,
1920 804 2105 862 quum
2144 803 2260 864 per
2307 805 2376 846 se
2416 786 2585 848 haud
2620 785 2727 846 in-

522 886 862 965 telligatur,
926 896 1055 949 tum
1112 906 1189 946 eo
1247 884 1444 945 minus
1525 893 1619 945 est
1673 886 1738 944 in
1799 884 2008 964 aprico
2051 885 2357 964 positum,
2413 888 2583 964 quod
2635 904 2727 962 ea,

463 984 465 986 ’
520 1003 683 1064 quae
746 994 915 1047 certo
980 987 1224 1048 cristam
1283 1004 1412 1047 non
1453 984 1681 1058 habet,
1747 983 1926 1045 simul
1989 1001 2064 1045 ea
2130 991 2256 1059 est,
2319 999 2504 1064 quam
2543 993 2730 1062 poeta

521 1102 741 1164 agmen
782 1085 929 1147 fecit
971 1086 1325 1160 ducentem;
1387 1101 1569 1165 quam
1619 1102 1695 1145 eo
1742 1084 2004 1160 decore,
2066 1103 2189 1164 quo
2233 1083 2508 1162 reliquae
2550 1085 2729 1164 gavi-

522 1204 633 1245 sae
698 1186 955 1261 fuerint,
1027 1187 1379 1247 destitutam
1440 1185 1667 1258 fuisse,
1738 1183 1985 1246 difficile
2053 1194 2148 1247 est
2201 1186 2283 1246 ad
2343 1185 2731 1248 credendum.

522 1285 777 1342 Accedit
817 1287 897 1343 ad
936 1286 1098 1357 boc,
1144 1285 1332 1361 quod,
1378 1283 1639 1360 opinor,
1684 1284 1879 1359 quivis
1916 1304 2108 1358 unus,
2153 1286 2257 1363 qui
2298 1288 2403 1347 Vs·
2451 1287 2568 1348 291
2616 1305 2732 1348 ac-

516 1383 785 1443 curatius
829 1381 1196 1460 inspexerit,
1261 1380 1414 1440 mihi
1455 1380 1766 1460 largietur,
1808 1390 2060 1460 poetam
2118 1382 2206 1443 ita
2256 1384 2381 1444 hoc
2439 1386 2584 1447 loco
2629 1388 2733 1445 di-

521 1489 760 1542 centem
799 1481 1007 1542 facere
1064 1480 1540 1555 Pisthetaerum,
1584 1480 1688 1541 hic
1732 1487 1798 1541 ut
1838 1475 2120 1562 λόφωσιν
2159 1481 2224 1540 in
2268 1484 2551 1545 omnibus
2593 1484 2733 1545 avi-

518 1585 635 1646 bus
703 1583 1183 1664 deprehendisse
1246 1582 1441 1644 videri
1504 1583 1745 1643 debeat.
1848 1582 2247 1663 Inspiciamus
2301 1584 2484 1665 igitur
2544 1578 2773 1647 verba*

524 1695 753 1767 poetae
796 1686 918 1747 huc
977 1683 1342 1763 pertinentia
1401 1682 1592 1763 paulo
1655 1687 2028 1761 accuratiuS,
2087 1695 2153 1746 ut
2194 1687 2535 1763 videamuS,
2589 1689 2736 1767 quid

509 1789 637 1848 sibi
678 1786 827 1848 velit
864 1784 1235 1846 vocabulum
1275 1781 1568 1866 λόφωσις.
1654 1787 1732 1845 Et
1770 1786 1905 1864 ipse
1943 1787 2050 1847 ille
2087 1787 2283 1863 locus,
2325 1788 2432 1849 ubi
2475 1795 2569 1848 est
2606 1806 2735 1866 po-

514 1889 737 1962 situm,
778 1886 1019 1947 videtur
1062 1902 1211 1945 sane
1252 1885 1452 1963 primo
1502 1887 1719 1946 obtutu
1760 1887 2106 1964 postulare,
2150 1895 2217 1949 ut
2257 1883 2497 1970 λόφους
2535 1886 2735 1948 inter-

519 1996 833 2068 pretemur
874 1986 1108 2046 cristaS.
1194 1985 1382 2058 Quod
1426 1985 1587 2044 enim
1626 1985 2040 2048 Pisthetaerus
2077 1972 2443 2069 interrogat,
2506 2006 2731 2050 avesne

524 2091 609 2151 ad
652 2090 926 2151 diaulum
985 2087 1300 2161 venerint,
1366 2106 1445 2147 ex
1485 2094 1663 2164 parte
1726 2088 1871 2148 inde
1914 2088 2209 2167 explicari
2273 2097 2511 2168 potest,
2569 2092 2737 2169 quod

477 2258 479 2260 ,
528 2194 803 2254 Graecos
850 2188 1034 2249 etiam
1078 2188 1247 2269 gravi
1291 2194 1630 2262 armatura,
1671 2188 1857 2268 igitur
1880 2189 2081 2248 ‘etiam
2125 2188 2321 2249 cristis
2341 2234 2357 2262 ,
2406 2190 2737 2251 ins-tructos

524 2292 752 2353 scimus
797 2309 979 2350 cursu
1024 2295 1295 2347 certasse
1335 2285 1400 2367 *).
1486 2288 1610 2347 Sed
1645 2288 1773 2368 jam
1817 2306 1928 2364 ea,
1972 2307 2132 2367 quae
2172 2288 2622 2367 respondentur
2659 2290 2737 2349 ab

525 2394 760 2471 Upupa,
806 2389 982 2451 alteri
1028 2389 1272 2450 cuidam
1313 2386 1603 2448 vocabuli
1644 2384 1919 2471 λόφωσις
1960 2390 2359 2470 explicationi
2398 2393 2591 2472 magis
2634 2392 2738 2452 fa·
2775 2423 2779 2428 ‚

521 2499 695 2566 vent,
764 2508 948 2570 quam
1008 2488 1120 2549 illi.
1200 2489 1374 2550 Haec
1435 2487 1597 2549 enim
1639 2490 1810 2569 quod
1867 2491 2046 2552 dicit:
2107 2496 2292 2567 „aves
2348 2491 2459 2558 ἐπὶ
2521 2485 2737 2574 λόφων

522 2594 850 2667 οἰκοῦσιν,
893 2599 962 2650 ut
1002 2591 1249 2665 Cares»,
1293 2590 1533 2650 facilius
1576 2591 1664 2651 ita
1707 2591 2078 2671 explicatur:
2146 2591 2258 2653 «in
2298 2587 2568 2653 collibus
2607 2589 2738 2652 Ιια-

528 2692 799 2768 bitum»,
844 2707 1028 2769 quam
1067 2691 1185 2752 ita:
1234 2691 1485 2753 «cristis
1516 2691 1875 2755 instructae
1919 2698 2135 2767 sunt»,
2179 2707 2544 2772 quamquam
2578 2709 2738 2753 con-

527 2793 871 2855 cedendum
914 2800 1038 2866 est,
1105 2799 1427 2871 utrumque
1469 2792 1678 2853 valere
1721 2793 1799 2852 de
1844 2793 2127 2867 CaribuS,
2187 2793 2311 2853 vid.
2351 2792 2651 2853 Herodot.
2692 2791 2736 2864 1,

528 2896 685 2968 171,
755 2895 957 2955 Strab.
999 2894 1160 2968 XIV,
1200 2914 1265 2973 p.
1313 2895 1433 2955 661
1463 2941 1479 2968 ,
1541 2893 1739 2956 schol.
1806 2894 1887 2954 ad
1945 2894 2305 2975 Thucyd.1,
2367 2893 2425 2956 8.
2507 2894 2736 2953 Rursus

522 2994 690 3052 istud
734 2994 982 3070 quidem
1034 2988 1331 3072 ἀπέβαλε
1370 2987 1491 3058 τόν
1531 2990 1777 3075 λόφον,
1830 2994 2000 3073 quod
2044 3002 2137 3055 est
2177 2995 2280 3054 Vs.
2324 2994 2475 3069 290,
2530 2992 2738 3073 potius

531 3110 608 3153 eo
655 3091 881 3151 ducere
927 3091 1157 3151 debere
1221 3091 1487 3166 videtur,
1549 3100 1618 3153 nt
1678 3094 1757 3153 de
1824 3093 2008 3154 crista
2051 3094 2425 3174 cogitemus,
2489 3095 2602 3156 sed
2653 3092 2739 3167 id,

529 3193 703 3273 quod
743 3195 847 3255 Vs.
880 3192 1003 3254 279
1047 3190 1243 3252 altera
1285 3208 1494 3271 upupa
1547 3191 1766 3252 dicitur
1807 3199 2026 3272 ἕτερος
2072 3185 2160 3257 αὖ
2212 3192 2419 3273 λόφον
2475 3218 2740 3261 κατει-

530 3291 804 3377 ληφώς
865 3315 967 3365 τις
1007 3287 1223 3373 ὅρνις,
1292 3310 1398 3367 eu,
1456 3296 1526 3351 ut
1579 3286 1790 3374 λόφον
1844 3287 2069 3354 collem
2138 3289 2564 3372 intelligamus.
2618 3290 2622 3295 ’
2664 3295 2742 3353 Et

530 3392 707 3468 vide,
773 3393 855 3454 ad
895 3391 1022 3453 hoc
1065 3411 1249 3472 quam
1292 3392 1374 3452 sit
1417 3391 1639 3453 eximie
1703 3393 2275 3469 accommodatum,
2339 3393 2503 3474 qnod
2543 3392 2740 3473 gallus

526 3497 905 3580 gallinaceus
949 3498 1054 3556 Vs·
1087 3497 1207 3557 275
1244 3504 1501 3558 vocatur
1545 3489 1883 3579 όριβοῖτης.
1967 3495 2154 3569 Quod
2190 3493 2555 3558 vocabulum
2589 3512 2741 3553 sen-

670 3725 712 3787 ·)
765 3724 871 3770 «Ex
907 3730 1086 3790 parte»
1110 3759 1126 3782 ,
1165 3724 1401 3791 inquam.
1477 3723 1606 3769 Nam
1653 3722 1792 3770 illud
1836 3738 1932 3789 per
1968 3738 2022 3771 sc
2052 3721 2224 3771 solum
2261 3736 2368 3769 non
2404 3717 2642 3768 sufficere
2675 3720 2742 3767 ad

539 3810 699 3857 verba
736 3809 1051 3858 Pisthetaeri
1086 3812 1432 3878 explicanda,
1481 3811 1601 3859 lucc
1643 3810 1839 3858 clarius
1889 3815 2003 3868 est,
2050 3824 2369 3877 quamquam
2403 3823 2435 3855 ι
2466 3806 2741 3855 nullodum

528 3897 863 3947 intellectum
890 3934 906 3957 ,
960 3902 1021 3945 ut
1069 3899 1294 3948 videtur.
1370 3899 1586 3966 Quippe
1623 3898 1857 3947 nondum
1893 3898 2065 3966 liquet
2086 3935 2103 3959 ,
2149 3913 2246 3949 cur
2293 3897 2468 3965 ipsum
2502 3893 2744 3944 diaulum

530 3986 674 4034 dicat
713 3985 1095 4035 Pisthetaerus.
1174 3984 1338 4052 Sequi
1375 4003 1437 4035 ex
1473 3985 1573 4034 hoc
1612 3986 1849 4045 videtur,
1899 3991 1994 4045 ut,
2045 3985 2140 4052 qui
2174 3984 2322 4050 gravi
2360 3986 2623 4031 armatura
2661 3982 2740 4030 in-

532 4072 719 4121 structi
756 4089 915 4121 cursu
952 4077 1252 4132 certarent,
1314 4077 1406 4121 aut
1442 4071 1611 4119 solum
1663 4071 1897 4120 diaulum
1937 4069 2182 4137 quaterni
2218 4097 2277 4105 -
2322 4072 2604 4135 quaternos
2641 4073 2741 4117 sta-

532 4157 674 4206 dium
711 4159 1009 4210 cucurrisse
1045 4175 1285 4209 cursores
1325 4176 1430 4208 non
1467 4158 1698 4224 graviter
1732 4163 1959 4207 armatos
1999 4155 2285 4206 Pausanias
2319 4153 2419 4212 vl,
2465 4153 2552 4213 13,
2590 4153 2623 4202 2
2657 4172 2739 4204 re-

535 4242 641 4292 fert
688 4244 750 4293 dc
815 4243 1193 4297 certaminibus
1244 4245 1541 4316 olympicis
1598 4245 1955 4298 sermocinans
2002 4274 2066 4284 —
2090 4282 2104 4303 ,
2161 4250 2254 4294 aut
2306 4243 2520 4293 omnino
2575 4242 2740 4291 solum

534 4330 769 4379 diunlum
804 4334 1155 4382 cucurrerint.
