3022 4934
1163 250 1582 313 -97-

242 424 443 499 neris,
504 422 618 483 sed
660 416 967 506 Apollinis
1010 416 1388 478 mentionem
1430 416 1688 494 fecisse,
1747 420 2157 501 imperantem
2199 418 2491 481 mortali-

241 525 386 599 bus,
435 530 514 584 ,ut
553 522 608 580 si
650 517 924 595 Apollini
966 515 1176 584 nescio
1241 515 1395 594 quid
1435 515 1852 594 immolarent,
1909 517 2090 581 ‘aliud
2133 519 2282 598 quid
2325 538 2489 582 con-

240 627 556 688 secr-arent
597 619 924 698 accipitri?
1009 616 1250 691 Quodsi
1291 629 1445 681 vera
1483 621 1787 687 hactenus-
1823 622 2065 695 monui,
2111 629 2334 700 sponte
2373 639 2485 681 se-·-

241 721 473 799 quitur,
502 719 697 787 ,inter
736 714 824 799 ἢν
866 724 930 778 et
981 712 1349 803 Ἀφροδίτῃ
1388 719 1784 783 inserendum
1827 718 1966 781 esse
2009 719 2066 784 δ’
2083 767 2101 796 ,
2145 722 2319 802 quod
2361 721 2486 789 ab-

238 837 377 880 esse
401 819 693 885 debebat
756 820 987 888 omisso
1032 835 1214 878 versu
1269 819 1697 897 antecedenti,
1761 819 1946 882 simul
2006 840 2167 883 nunc
2207 828 2483 900 apparet,

238 936 363 996 quo
402 922 543 1001 jure
585 921 710 984 hoc
749 938 946 980 versu·
981 937 1018 977 a
1059 924 1248 995 poeta
1289 939 1418 991 non
1469 921 1747 983 additum
1786 923 1866 983 sit
1905 941 2256 1002 pronomen
2296 920 2485 982 inde-

234 1018 476 1084 finitum
515 1041 657 1095 ‘1163
704 1021 781 1081 cf.
838 1020 942 1087 Vs.
980 1019 1106 1081 568
1150 1016 1238 1085 ἂν
1280 1021 1386 1084 Διὶ
1432 1018 1582 1105 θύῃ.
1621 1024 2067 1105 βασιλεῖικτλμ.
2110 1057 2195 1069 -
2235 1024 2331 1082 De
2372 1042 2481 1090 re-

234 1114 419 1193 liqua
461 1137 679 1180 versus
712 1125 913 1196 parte-
969 1116 1357 1177 emendanda
1412 1119 1623 1179 omnia
1682 1120 1920 1179 incerta
1983 1126 2153 1193 sunt;
2204 1119 2485 1181 fortasse

233 1218 372 1281 voci
403 1215 593 1302 θύῃ,
658 1236 819 1296 quae
861 1237 1023 1279 nunc
1065 1218 1575 1296 abessesspotest,
1639 1218 2129 1280 substituendum
2194 1226 2289 1281 est
2354 1238 2483 1280 no-

232 1337 376 1383 men
417 1319 663 1380 hostiae
707 1319 1071 1401 cujusdam5
1117 1326 1244 1379 tum
1300 1338 1428 1379 non
1469 1319 1885 1399 improbabile
1930 1328 2052 1394 est,
2097 1320 2268 1400 quod
2318 1339 2482 1381 con-

224 1419 386 1501 jecit*
436 1421 803 1495 BrunckiuS,
872 1420 1043 1480 nisus
1106 1417 1497 1496 potissimum
1560 1422 1665 1482 Vs,
1714 1420 1861 1493 622,
1923 1421 1989 1480 in
2054 1420 2254 1481 altero
2338 1425 2481 1478 utro

229 1520 414 1578 versu
457 1521 596 1586 voci
638 1513 893 1600 πυρούς
933 1517 1426 1580 substituendum
1471 1536 1611 1580 esse
1678 1515 1943 1602 κριθάς.
2047 1519 2129 1579 At
2195 1518 2358 1578 haec
2421 1518 2486 1587 in

230 1616 436 1677 medio
468 1616 829 1696 relinquo».
913 1618 1087 1677 Haec
1128 1624 1272 1678 sunt
1312 1619 1505 1680 verba
1549 1607 1874 1681 Theodori
1915 1618 2257 1698 Hansingii,
2301 1634 2480 1695 quae,

229 1717 507 1794 quamvis
551 1717 774 1791 insint,
834 1717 915 1777 de
959 1717 1180 1795 quibus
1221 1718 1509 1796 equidem
1555 1719 1733 1786 aliter
1773 1725 2062 1792 statuam,
2131 1718 2479 1796 nonfflpotui

227 1817 885 1898 tamennon-integra
929 1816 1357 1879 transcribere.
1441 1817 1521 1878 Et
1581 1817 1737 1878 illud
1778 1818 2059 1896 quidem,
2126 1816 2300 1895 quod
2339 1817 2480 1894 pri-

226 1936 362 1978 mus
406 1916 643 1986 monuit
673 1914 1047 1993 Hansingius
1099 1914 1179 1973 de
1221 1933 1406 1975 versu
1447 1913 1824 1982 scholiastae
1863 1915 2050 1987 lecto,
2088 1930 2217 1992 quo
2250 1914 2477 1993 Apollo

228 2023 308 2087 et,
330 2015 624 2094 accipiter
667 2014 928 2082 fuissent
970 2013 1472 2088 commemorati,
1536 2011 1944 2076 certissimum
1998 2014 2239 2091 haheo;
2293 2032 2478 2077 nam-

225 2116 491 2196 quevel
534 2135 650 2194 per
690 2133 758 2175 se
801 2134 1019 2195 parum
1062 2115 1356 2184 credibile
1400 2114 1979 2191 est‚-scholiastam
2021 2116 2247 2176 horum
2291 2134 2476 2176 men-

223 2214 727 2285 tionem2fecisse
770 2214 853 2275 de
907 2232 1060 2288 suo,
1123 2213 1375 2275 seilicet·
1401 2232 1615 2277 versus
1659 2217 1785 2279 516
1825 2235 2195 2292 memorem,
2252 2225 2317 2297 et
2358 2236 2476 2278 ac-

224 2315 404 2389 cedit,
448 2315 619 2393 quod
661 2312 1034 2383 vocabulum
1078 2307 1226 2397 θύῃ
1273 2312 1487 2382 vitium
1527 2314 1792 2378 traxisse
1834 2321 2175 2378 statuamus
2217 2335 2481 2378 necesse

224 2421 319 2475 est
378 2422 505 2480 tam
560 2421 936 2493 propterea,
1004 2413 1178 2491 quod
1242 2412 1570 2491 displicent
1623 2414 1820 2476 verba
1862 2407 2009 2499 θύῃ
2058 2421 2122 2477 et
2163 2407 2368 2479 θύειν
2408 2414 2474 2475 in

220 2532 347 2580 uno
374 2514 965 2591 ¹eodemque-‘versu
999 2515 1178 2595 juxta
1219 2514 1462 2593 posita,
1522 2534 1708 2593 quam
1744 2517 1950 2577 eade
1993 2534 2246 2590 caussa,
2299 2516 2472 2595 quod

221 2613 474 2681 omnino
519 2614 942 2688 desideratur,
1007 2623 1075 2676 ut
1133 2614 1489 2682 nominetur
1525 2616 1610 2685 ‚id
1631 2663 1648 2691 ,
1693 2618 1863 2697 quod
1922 2617 2155 2680 Veneri
2193 2617 2298 2679 *sit
2358 2635 2473 2678 sa-

219 2712 649 2790 crificandum,-
698 2721 781 2791 etj
799 2716 950 2780 ferri
993 2717 1207 2795 nequit
1238 2716 1530 2778 Brunckii
1570 2719 1875 2780 sententia
1916 2718 2136 2797 reponi
2173 2717 2470 2797 jubentis:

300 2808 389 2894 ἦν
429 2807 801 2895 ,Ἀφροδίτῃ
840 2812 1024 2902 θύῃ,
1064 2808 1306 2896 κριθάς
1345 2813 1575 2897 ὄρνιθι
1619 2815 1920 2898 φαληρίδι
1963 2811 2167 2879 θύειν
2219 2852 2232 2858 ..

214 2915 303 2977 ita
344 2920 413 2975 ut
452 2912 825 2981 vocabulum
869 2907 1115 2993 κριθάς
1185 2914 1269 2974 ad
1292 2920 1634 2992 ,utramque
1688 2931 1906 2985 versus
1948 2919 2188 2992 partem
2230 2917 2469 2991 spectet

217 3021 314 3077 et>¹
335 3011 561 3092 partim
626 3017 868 3092 gratam
932 3010 1162 3079 Veneri
1234 3012 1571 3091 mentulam·
1654 3012 1885 3092 partim
1955 3011 2205 3075 hordea
2268 3010 2471 3091 signi-

213 3114 390 3198 ficet,
468 3112 569 3174 vel
643 3111 777 3173 alia
854 3130 1260 3193 quaecunque
1347 3113 1601 3188 similis;
1700 3112 1828 3175 h’oc
1904 3116 2112 3199 autem
2142 3162 2146 3165 .
2178 3112 2469 3188 probato,

215 3212 628 3277 nullo-'modo
674 3213 907 3293 corrigi
947 3220 1242 3294 poterunt
1273 3214 1502 3288 'verba,
1544 3212 1665 3272 nisi
1686 3216 2014 3288 'sumptum
2048 3208 2258 3281 fuerit,
2300 3226 2465 3286 pen-

214 3312 369 3373 dere
411 3331 489 3376 ea
532 3330 613 3373 ex
656 3312 829 3387 aliis,
902 3312 1271 3392 antegressis
1314 3313 1433 3374 illis
1475 3312 1762 3392 quidem,
1826 3308 1940 3370 sed
1981 3307 2220 3379 incuria
2260 3307 2466 3368 libra—

213 3412 449 3478 riorum
493 3410 757 3472 omissis.
839 3409 1081 3472 Deinde
1110 3409 1264 3474 illud
1305 3412 1408 3474 vel
1437 3432 1552 3492 per
1591 3431 1663 3473 se
1694 3409 2024 3491 probabile
2066 3409 2250 3482 duco,
2292 3407 2465 3486 quod

212 3511 590 3591 Hansingius
627 3530 838 3576 unum
879 3515 1114 3571 tantum
1154 3530 1401 3574 versum
1456 3511 1844 3574 intercidisse
1897 3508 2225 3571 existimat.
2331 3508 2464 3569 Ac-

216 3611 400 3687 cedit,
445 3612 616 3693 quod
658 3610 894 3672 nullum
934 3609 998 3670 in
1041 3610 1299 3675 scholiis
1344 3618 1548 3674 exstat
1604 3610 1923 3693 vestigium
1941 3656 1958 3683 ,
2036 3608 2204 3673 unde
2263 3608 2464 3670 veteri

213 3713 529 3795 interpreti
548 3731 552 3735 ·
570 3714 777 3793 plures
819 3697 1014 3779 lectos
1057 3710 1254 3774 fuisse
1295 3715 1587 3795 colligere
1650 3714 1864 3786 liceat,
1931 3709 2040 3790 qui
2081 3728 2211 3771 non
2253 3717 2462 3769 trans-

212 3800 482 3878 misisset
522 3832 648 3876 non
694 3811 1061 3888 adnotatos,
1126 3812 1181 3874 si
1224 3813 1412 3876 etiam
1452 3817 1609 3878 alios
1654 3813 2056 3894 compositos
2084 3808 2460 3888 repperisset

214 3916 372 3976 deos
434 3926 497 3978 et
560 3934 726 3979 aves·
829 3914 1217 3994 Quamquam
1273 3918 1419 3981 huic
1461 3918 1555 3980 rei
1618 3939 1748 3981 non
1805 3917 2058 3979 nimium
2106 3913 2459 3983 tribuerim,

213 4017 358 4097 quia
398 4036 513 4096 per
554 4024 648 4077 est
704 4013 995 4090 dubium,
1049 4035 1197 4075 num
1237 4015 1326 4092 is,
1393 4017 1500 4097 qui
1542 4018 1818 4095 reliquos
1861 4032 2077 4076 versus
2120 4011 2461 4086 adnotavit,

207 4116 373 4179 idem
423 4120 503 4181 sit
582 4124 769 4199 atque
824 4118 911 4194 is,
978 4117 1076 4177 cui
1138 4118 1329 4176 verba
1392 4137 1581 4199 supra
1642 4115 1948 4194 exscripta
1991 4112 2331 4185 debentur,
2375 4148 2462 4159 —

208 4226 375 4282 certe
433 4219 683 4287 difficile
752 4228 848 4284 est
908 4220 989 4285 ad
1032 4219 1437 4296 credendum,
1506 4220 1672 4280 hunc
1727 4216 1929 4299 ipsum
1985 4234 2059 4275 ea
2115 4215 2459 4295 scripsisse,
