3022 4934
1198 292 1617 353 -81.-·

295 460 813 542 inde-probabile
869 458 976 535 fit,
1048 460 1253 539 quod,
1303 458 1410 519 ubi
1486 458 1860 522 contrarium
1915 453 2285 536 sumeretur,
2337 458 2538 521 ‘illum

294 559 488 623 fuisse
524 554 1130 640 ἀ’ριοτεροοτάτην,
1193 558 1314 618 hos
1380 550 1958 640 οἷριστεροστοῖτας,
2026 559 2277 620 scimus.
2375 559 2537 620 Aves

293 681 428 721 uno
473 656 738 742 agmine
776 656 1189 734 prodeunteS,
1224 658 1336 717 *de
1391 677 1515 737 quo
1552 661 1685 741 jam
1729 660 2099 721 Suevernius
2120 686 2126 707 1
2143 660 2386 721 monuit
2425 681 2538 722 se-

294 760 562 825 cundum
604 757 851 831 locum,
890 758 1025 836 qui
1068 764 1162 818 est
1202 755 1308 817 Vs.
1346 757 1477 818 294
1514 766 1576 818 et
1631 760 1788 835 295,
1836 779 1995 820 non
1989 761 2093 821 uti
2134 762 2320 822 tardo
2384 777 2541 841 gra-

292 859 431 919 vive
473 857 756 930 incessu,
820 858 952 917 sed
975 876 1225 918 currere
1266 858 1366 919 vel
1409 858 1626 936 salire,
1670 858 1951 986 sequitur
1991 859 2094 922 vel
2137 880 2227 922 ex
2255 862 2373 922 Vs.·
2392 861 2538 933 307,

295 960 415 1088 ubi
427 959 779 1039 Euelpides
826 959 1163 1022 exclamat.
2021 978 2023 981 ⁴
2121 977 2124 980 ·

437 1061 568 1127 οἷα
615 1058 1006 1138 πιππίζουσι
1055 1062 1161 1125 και
1198 1062 1589 1146 τρέχουσι
1629 1056 2153 1156 διακεκραγότες,
2227 1093 2252 1098 ’-

294 1108 408 1222 sed
466 1163 654 1229 etiam
707 1159 883 1220 inde
910 1165 1214 1238 apparet,
1252 1161 1483 1238 quod
1480 1177 1748 1244 agmen
1777 1163 1908 1244 jam
1975 1167 2123 1223 ante
2159 1163 2270 1222 Vs.
2314 1155 2441 1222 308
2485 1167 2547 1219 et

294 1263 471 1334 309,
490 1279 649 1339 quo
686 1258 838 1320 loco
884 1258 974 1319 sic
1015 1258 1215 1338 pergit
1253 1258 1626 1339 Euelpides:
1953 1279 1959 1286 ’

445 1353 604 1444 'Ao’
647 1358 1156 1424 απειλοῦσίν
1174 1383 1279 1441 γε
1301 1360 1514 1444 νῷνς
1574 1361 1834 1444 Oinoa,
1902 1358 2259 1448 κεχήνασίν
2301 1360 2396 1443 ys·
2438 1385 2543 1454 τοι

459 1462 588 1525 καὶ
637 1459 1110 1545 βλέηᾶωοιν
1154 1465 1283 1529 εἰς
1323 1461 1408 1521 οὲ
1452 1453 1695 1537 κάμέ,

292 1561 583 1620 frontem
625 1558 983 1641 obverterit
1013 1556 1389 1636 proscenio
1396 1573 1674 1616 necesse
1717 1562 1813 1617 est
1869 1564 1931 1617 et
1972 1537 2170 1633 certe,
2214 1563 2548 1637 antequam

299 1659 510 1718 dicere
551 1657 771 1735 incipit
810 1658 918 1718 Vs·
941 1657 1088 1729 310,
1130 1656 1374 1716 firmam
1418 1656 1772 1717 stationem
1781 1657 1903 1736 ipsi
1945 1658 2266 1736 propriam
2310 1657 2550 1735 cepisse

297 1757 493 1819 videri
522 1752 936 1840 jures-potest.
1003 1754 1354 1829 Quaeritur,
1383 1755 1543 1816 haec
1580 1756 1780 1835 qualis
1801 1756 2024 1816 suerit.
2107 1756 2203 1815 De
2227 1755 2328 1815 his
2356 1755 2545 1816 rebus

294 1858 450 1918 nihil
493 1858 828 1937 quidquam
897 1856 1186 1917 traditum
1235 1857 1597 1937 reperitur»
1679 1859 1839 1918 Num
1897 1856 2082 1937 igitur
2126 1858 2257 1936 jam
2297 1874 2413 1934 per
2479 1874 2548 1915 se

291 1956 622 2034 probabile
642 1991 645 2002 ·-
665 1962 791 2027 est,
858 1956 1120 2026 chorum
1162 1955 1469 2014 comicum
1512 1956 1776 2015 eandem
1839 1956 2111 2034 speciem
2135 1999 2152 2028 ,
2209 1970 2402 2032 quam
2444 1954 2549 2012 in-

294 2064 390 2116 ter
443 2053 913 2134 ingrediendum
971 2053 1332 2132 praeberet,
1396 2052 1582 2114 etiam
1635 2059 1900 2116 stantem
1962 2055 2026 2117 in
2071 2054 2398 2116 orchestra
2439 2074 2551 2116 re-

295 2155 583 2228 tinuisse,
653 2154 742 2214 ita
784 2161 851 2213 ut
912 2152 1003 2226 is,
1069 2152 1174 2229 qui
1215 2152 1280 2210 in
1341 2152 1570 2213 Avibus
1611 2157 1743 2228 est,
1808 2153 1977 2219 κατοῖ
2021 2158 2325 2241 οπο-ὄχους
2365 2156 2552 2216 fuerit

297 2255 664 2335 dispositus,
726 2273 820 2314 an:
872 2252 1129 2313 credere
1189 2259 1498 2330 praestat,
1559 2253 1740 2314 illum
1799 2256 1891 2315 sic
1933 2256 2138 2317 fuisse
2169 2255 2551 2322 collocatum

296 2355 362 2415 in
406 2355 749 2428 orchestra,
792 2360 861 2414 ut
902 2353 1274 2413 contrariam
1319 2354 1594 2432 speciem
1622 2356 2001 2433 praeberet?
2080 2357 2385 2435 Equidem
2425 2357 2552 2416 hoc

295 2454 686 2533 probabilius
731 2451 1255 2525 duxerim-altero
1303 2451 1451 2527 illo,
1504 2452 1640 2533 jam>
1681 2470 1819 2513 eam
1864 2453 1946 2514 ob
1993 2450 2316 2528 caussam,
2375 2455 2550 2533 quod

296 2553 698 2616 solummodo
731 2553 846 2613 sub
876 2552 998 2613 hac
1021 2550 1384 2631 conditione
1411 2551 1476 2627 ii,
1518 2551 1810 2631 qui-inter
1847 2553 2319 2634 ingrediendum
2357 2554 2546 2636 vulgo

302 2642 844 2738 ιῖριοτεροστάται
899 2661 1135 2729 essent,
1219 2654 1372 2730 sed,
1447 2672 1637 2734 quum
1700 2653 1960 2716 chorum
2013 2672 2278 2736 peregre
2337 2654 2552 2716 venire

294 2759 665 2840 fingeretur,
717 2764 786 2819 ut
826 2752 1246 2838 conjecimuS,
1293 2750 1749 2833 δεξιοστάται,
1800 2754 1927 2818 soli
1970 2756 2254 2817 ordinem
2296 2762 2557 2835 specta·-

294 2861 535 2922 toribus
565 2853 955 2938 “proximum
1019 2857 1365 2931 efficerent,
1430 2859 1498 2917 id
1562 2858 1732 2933 quod
1776 2864 2261 2915 consentaneum
2305 2862 2401 2915 est
2439 2855 2553 2916 lo-

299 2981 434 3021 cum
477 2958 792 3019 habuisse.
876 2959 1050 3017 Haec
1107 2958 1158 3015 si
1221 2974 1369 3016 vera
1410 2961 1580 3027 sunt,
1647 2953 1875 3013 chorus
1920 2952 2128 3013 avium
2168 2952 2257 3012 ita
2292 2954 2551 3032 prodiit,

300 3065 369 3119 ut
409 3057 633 3138 singuli
678 3068 917 3143 στοῖχοι
942 3102 961 3131 ,
1015 3076 1172 3116 uuus
1215 3047 1364 3136 post
1401 3054 1685 3115 <alterum
1707 3097 1723 3129 ,
1784 3053 1853 3111 in
1909 3054 2235 3114 orchestra
2278 3073 2553 3137 appare-

297 3164 463 3234 rent,
508 3163 577 3220 ut
618 3162 826 3217 autem
871 3155 1137 3235 quisque
1178 3156 1469 3235 apparuit
1510 3154 1592 3216 ad
1633 3153 1797 3216 latus
1839 3156 2127 3232 proxime
2170 3157 2555 3218 anteceden-

296 3260 374 3322 tis
418 3279 489 3320 se
532 3257 903 3333 collocaret,
961 3277 1123 3338 quae
1160 3260 1290 3341 jam
1336 3255 1658 3318 Suevernii
1710 3255 2018 3316 sententia
2074 3256 2209 3317 fuit.
2291 3256 2553 3319 Videtur

299 3370 508 3425 autem
550 3361 889 3421 secundum
934 3377 1028 3433 ea,
1073 3377 1234 3437 quae
1279 3357 1493 3437 paullo
1529 3362 1674 3414 ante
1710 3356 1844 3436 jam
1888 3356 2342 3434 adnotavimus,
2386 3359 2552 3419 cho-

297 3481 402 3525 rus
445 3468 616 3523 recta
655 3459 756 3522 via
797 3458 1134 3519 tetendisse
1167 3458 1250 3518 ad
1304 3475 1447 3517 eum
1494 3456 1856 3518 orchestrae
1899 3455 2143 3533 locum,
2186 3460 2294 3519 ubi
2347 3458 2554 3520 lineae

301 3569 477 3623 erant
517 3561 692 3634 illae,
757 3558 836 3618 de
878 3557 1101 3635 quibus
1147 3557 1314 3636 apud
1355 3554 1735 3636 Hesychium
1778 3575 1986 3616 sermo
2032 3565 2127 3618 est
2172 3557 2272 3617 his
2315 3558 2554 3620 verbis:

299 3662 606 3745 γραμμαὶ
673 3664 744 3724 ἐν
808 3658 893 3740 τῇ
934 3651 1258 3742 ὀρχήστρᾳ
1319 3649 1541 3737 ἦσαν.
1602 3651 1690 3727 ὥς
1734 3650 1856 3720 τὸν
1919 3649 2121 3741 χορὸν
2186 3663 2260 3720 ἐν
2322 3660 2557 3743 στοίχῳ

303 3760 611 3829 ἵσταὸθαι
627 3808 650 3837 ,
705 3777 907 3838 neque
951 3759 1346 3838 cogitandum
1389 3777 1528 3818 esse
1572 3759 1652 3818 de
1690 3755 1996 3840 pluribus
2039 3759 2553 3820 conversionibus

303 3866 410 3922 aut
480 3860 561 3923 de
628 3858 1008 3921 decursibus.
1089 3858 1402 3939 Vulgaris
1459 3857 1571 3920 illa
1637 3857 1817 3920 chori
1875 3859 2062 3922 statio
2123 3875 2282 3937 quae
2350 3856 2554 3930 fuerit,

304 3959 526 4040 aliquis
571 3960 876 4042 opinetur,
919 3958 1103 4021 etiam
1147 3978 1229 4021 ex
1269 3958 1376 4021 Vs-
1411 3962 1533 4024 591
1581 3960 1851 4042 perspici
1893 3978 2081 4039 posse
2121 3964 2291 4019 recte
2335 3974 2555 4018 emen-

308 4062 479 4123 dato.
560 4064 715 4123 Esse
776 4061 939 4123 enim
978 4061 1044 4122 in
1089 4059 1270 4134 vitio,
1353 4080 1538 4143 quae
1571 4062 1695 4124 hoc
1735 4061 1881 4167 loco
1922 4065 2240 4138 tamquam
2283 4073 2322 4117 a
2366 4065 2560 4138 poeta

306 4162 534 4242 scripta
576 4162 874 4227 eduntur·
