3022 4934
1434 294 1853 354 ...26-

507 467 977 549 postulavimus,
1024 461 1520 548 quodammodo,
1565 462 1618 524 si
1661 460 1815 521 mira
1858 460 2204 540 explicandi
2247 462 2404 523 ratio
2451 462 2760 542 accipitur,
2798 523 2802 526 ,

507 587 666 649 quae
722 565 1104 628 Schneidero
1161 563 1225 622 in
1277 570 1549 624 mentem
1605 563 1801 635 venit,
1861 580 2085 623 vocem
2134 556 2571 645 γεννημάτων
2628 581 2762 620 cum

508 670 810 736 vocabulo
855 660 1164 732 κελαινὸν
1208 666 1689 727 construendam
1735 681 1871 724 esse
1917 663 2195 738 docenti,
2244 666 2329 725 ita
2372 670 2438 724 ut
2482 664 2763 725 vocabu-

503 777 631 834 lum
685 765 1042 850 ἐπώνυμον
1099 767 1179 825 ad
1232 784 1453 827 vocem
1506 766 1782 849 ἐπαφῶν
1834 764 2178 825 referretur
2220 772 2282 826 et
2319 764 2614 845 Epaphus
2660 763 2765 822 di-

506 869 750 937 ceretur
790 870 843 931 is
890 888 1028 931 esse
1072 869 1234 929 inter
1275 867 1509 929 liberos
1550 866 1751 942 Jovis,
1811 854 1915 946 qui
1957 865 2135 947 niger
2180 872 2362 927 esset.
2460 866 2645 939 Quod
2687 883 2765 925 ne

509 976 644 1055 quis
689 971 910 1045 faciat,
970 967 1313 1031 verendum
1362 986 1489 1030 non
1543 975 1655 1030 est.
1755 967 1956 1029 Locus
2002 973 2325 1047 corruptus
2367 964 2538 1029 haud
2582 966 2766 1028 dubie

509 1076 596 1136 sic
642 1070 1044 1135 scribendus:

726 1169 1143 1252 Ἐπώνυμον
1196 1169 1270 1233 δὲ
1320 1170 1453 1232 τῶν
1503 1163 1661 1240 Διὸς
1709 1164 2053 1252 γέννημ’
2106 1163 2336 1251 ἇφῶν

726 1271 965 1343 τέξεις,
1026 1262 1334 1332 κελαινὸν
1381 1263 1751 1347 Ἐπαφον,
1808 1262 1883 1336 ὃς
1935 1262 2345 1346 καρπώσεται
2401 1276 2514 1329 etc.

502 1370 888 1432 Vocabulum
933 1360 1070 1446 οἷφὴ
1114 1367 1301 1426 etiam
1345 1365 1514 1445 apud
1549 1364 1959 1444 Sophoclem,
2002 1366 2173 1445 Ajac.
2217 1369 2322 1427 Vs.
2346 1369 2501 1442 631,
2546 1370 2766 1448 reponi

505 1488 719 1549 posse,
776 1464 1140 1548 significavit
1180 1466 1530 1530 Loheckius
1566 1466 1936 1547 Paralipom.
1975 1465 2409 1528 Grauia-Gr.-
2431 1488 2493 1546 p.
2516 1469 2660 1530 558.
2684 1505 2766 1515 —

1535 1770 1739 1851 XII.

1315 1916 1507 1983 Agitur
1559 1916 1626 1966 de
1672 1913 1771 1965 Vs.
1815 1912 1972 1962 1015.

731 2056 1054 2125 Αύθαδία
1115 2052 1244 2140 γαρ
1298 2057 1386 2139 τῷ
1441 2056 1811 2139 φρονοῦντι
1865 2051 1965 2138 μή
2023 2057 2231 2129 καλῶς

732 2154 905 2240 αὐτή
958 2152 1117 2222 καθ’
1167 2148 1382 2239 αὖτῆν
1436 2149 1705 2225 οὐδενὸς
1754 2159 1976 2235 μεῖζον
2026 2156 2276 2221 σθένει.

504 2273 678 2333 Haec
733 2274 931 2335 verba
984 2293 1173 2353 quum
1230 2273 1334 2334 alii
1388 2274 1452 2332 in
1511 2272 1660 2335 vitio
1719 2283 1857 2333 esse
1913 2274 2031 2334 sihi
2084 2274 2537 2353 persuasissent
2580 2284 2771 2353 μεῖον

504 2394 623 2452 pro
657 2380 886 2454 μεῖζον
920 2373 1388 2434 rescribendum
1433 2372 1571 2431 esse
1617 2379 1970 2447 censenteS,
2016 2374 2122 2433 alii
2156 2375 2360 2435 conati
2397 2380 2544 2434 sunt
2567 2374 2769 2432 inter-

503 2473 811 2551 pretando
852 2491 1126 2534 servare.
1211 2472 1481 2532 Frustra.
1567 2474 1758 2533 Recte
1799 2473 1962 2534 enim
2001 2474 2072 2535 G.
2097 2474 2489 2535 Hermannus
2523 2472 2767 2545 Halmii,

508 2574 613 2651 qui
657 2580 720 2634 et
758 2576 895 2653 ipse
939 2574 1003 2634 in
1051 2571 1450 2649 «Lectionum
1492 2572 1984 2654 Aeschylearum
2017 2575 2360 2636 Particula»
2410 2592 2466 2635 a.
2502 2574 2663 2635 1835
2706 2574 2769 2633 in

507 2673 710 2731 lucem
740 2674 966 2732 emissa
993 2673 1281 2751 vulgatae
1318 2670 1631 2730 scribendi
1663 2670 1920 2731 rationis
1951 2674 2360 2751 patrocinium
2394 2680 2769 2752 susceperat,
2867 2748 2871 2751 Ι

512 2789 841 2831 censorem
864 2789 1054 2851 agens
1084 2771 1151 2829 in
1179 2770 1387 2831 diariis
1417 2769 1708 2828 scholast.
1733 2770 2235 2846 Zimmermanni,
2284 2773 2498 2846 1835,
2519 2792 2582 2850 p.
2605 2772 2768 2831 1115

510 2871 778 2944 monuit,
834 2871 1031 2931 verba
1073 2860 1341 2938 οὐδενὸς
1379 2871 1610 2947 μεῖζον
1652 2865 1881 2933 σθένει
1923 2869 2306 2949 significare:
2348 2868 2635 2931 validior
2674 2876 2773 2931 cst

511 2967 756 3044 nihilo,
817 2990 1067 3029 sensum
1117 2974 1323 3028 autem
1373 2968 1724 3047 postulare,
1786 2976 1854 3029 ut
1892 2978 2147 3049 poetam
2190 2971 2415 3033 dixisse
2457 2977 2770 3032 statuere—

514 3087 683 3141 mus,
741 3069 1097 3147 superbiam
1139 3064 1568 3147 infirmiorem
1613 3084 1750 3125 esse
1793 3067 2010 3130 nihilo.
2104 3071 2222 3131 Vel
2263 3072 2353 3130 sic
2392 3077 2602 3130 tamen
2645 3087 2772 3129 non

516 3175 614 3228 est
656 3186 839 3247 opuS,
882 3184 1105 3229 vocem
1140 3166 1364 3247 μεῖζον
1399 3169 1639 3222 mutare
1679 3164 1746 3223 in
1784 3176 2000 3244 μεῖον,
2040 3166 2230 3227 modo
2272 3169 2770 3249 interrogationis

517 3268 788 3347 signum,
848 3285 974 3328 non
1016 3269 1310 3347 punctum
1352 3263 1583 3343 majus,
1644 3264 1980 3327 collocetur
2020 3265 2084 3325 in
2125 3265 2250 3327 fine
2293 3287 2527 3330 versus.
2561 3305 2644 3315 -
